% Encoding: UTF-8

@Article{Mavrokoridis2011,
  author      = {K. Mavrokoridis and R. G. Calland and J. Coleman and P. K. Lightfoot and N. McCauley and K. J. McCormick and C. Touramanis},
  title       = {Argon Purification Studies and a Novel Liquid Argon Re-circulation System},
  date        = {2011-06-26},
  doi         = {10.1088/1748-0221/6/08/P08003},
  eprint      = {http://arxiv.org/abs/1106.5226v1},
  eprintclass = {physics.ins-det},
  eprinttype  = {arXiv},
  file        = {:Mavrokoridis2011 - Argon Purification Studies and a Novel Liquid Argon Re Circulation System.pdf:PDF},
  groups      = {Argon},
  keywords    = {physics.ins-det},
}

@Article{Badertscher2011,
  author    = {A. Badertscher and A. Curioni and L. Knecht and D. Lussi and A. Marchionni and G. Natterer and F. Resnati and A. Rubbia and T. Viant},
  title     = {First operation of a double phase {LAr} Large Electron Multiplier Time Projection Chamber with a 2D projective readout anode},
  journal   = {Nuclear Instruments and Methods in Physics Research Section A: Accelerators, Spectrometers, Detectors and Associated Equipment},
  year      = {2011},
  volume    = {641},
  number    = {1},
  pages     = {48--57},
  month     = {jun},
  doi       = {10.1016/j.nima.2011.02.100},
  file      = {:Badertscher2011 - First Operation of a Double Phase LAr Large Electron Multiplier Time Projection Chamber with a 2D Projective Readout Anode.pdf:PDF},
  groups    = {Argon, DLArTPC},
  publisher = {Elsevier {BV}},
}

@Article{Burdin2012,
  author    = {Sergey Burdin and Marko Horbatsch and Wendy Taylor},
  title     = {A correction to Birks{\textquotesingle} Law in liquid argon ionization chamber simulations for highly ionizing particles},
  journal   = {Nuclear Instruments and Methods in Physics Research Section A: Accelerators, Spectrometers, Detectors and Associated Equipment},
  year      = {2012},
  volume    = {664},
  number    = {1},
  pages     = {111--116},
  month     = {feb},
  doi       = {10.1016/j.nima.2011.10.044},
  file      = {:A correction to Birk's law in liquid argon.pdf:PDF},
  groups    = {Argon},
  publisher = {Elsevier {BV}},
}

@Article{Buckley1989,
  author    = {E. Buckley and M. Campanella and G. Carugno and C. Cattadori and A. Gonidec and R. Munoz and S. Ochsenbein and C. Rubbia and D. Schinzel and W.F. Schmidt and W. Seidl},
  title     = {A study of ionization electrons drifting over large distances in liquid argon},
  journal   = {Nuclear Instruments and Methods in Physics Research Section A: Accelerators, Spectrometers, Detectors and Associated Equipment},
  year      = {1989},
  volume    = {275},
  number    = {2},
  pages     = {364--372},
  month     = {feb},
  doi       = {10.1016/0168-9002(89)90710-9},
  file      = {:Buckley1989 - A Study of Ionization Electrons Drifting Over Large Distances in Liquid Argon.pdf:PDF},
  groups    = {Argon},
  publisher = {Elsevier {BV}},
}

@Article{Bondar2009,
  author       = {A. Bondar and A. Buzulutskov and A. Grebenuk and D. Pavlyuchenko and Y. Tikhonov},
  title        = {Electron emission properties of two-phase argon and argon-nitrogen avalanche detectors},
  date         = {2009-08-20},
  doi          = {10.1088/1748-0221/4/09/P09013},
  eprint       = {http://arxiv.org/abs/0908.2915v1},
  eprintclass  = {physics.ins-det},
  eprinttype   = {arXiv},
  file         = {:Bondar2009 - Electron Emission Properties of Two Phase Argon and Argon Nitrogen Avalanche Detectors.pdf:PDF},
  groups       = {Argon},
  journaltitle = {JINST 4:P09013,2009},
  keywords     = {physics.ins-det},
}

@Article{Cantini2014,
  author      = {C. Cantini and L. Epprecht and A. Gendotti and S. Horikawa and L. Periale and S. Murphy and G. Natterer and C. Regenfus and F. Resnati and F. Sergiampietri and A. Rubbia and T. Viant and S. Wu},
  title       = {Performance study of the effective gain of the double phase liquid Argon LEM Time Projection Chamber},
  date        = {2014-12-14},
  doi         = {10.1088/1748-0221/10/03/P03017},
  eprint      = {http://arxiv.org/abs/1412.4402v1},
  eprintclass = {physics.ins-det},
  eprinttype  = {arXiv},
  file        = {:Cantini2014 - Performance Study of the Effective Gain of the Double Phase Liquid Argon LEM Time Projection Chamber.pdf:PDF},
  groups      = {Argon, DLArTPC, LEM},
  keywords    = {physics.ins-det},
}

@Article{Aprile1988,
  author    = {E. Aprile and W.H. Ku and J. Park},
  title     = {Delta electron production and the ultimate energy resolution of liquid argon ionization detectors},
  journal   = {{IEEE} Transactions on Nuclear Science},
  year      = {1988},
  volume    = {35},
  number    = {1},
  pages     = {37--41},
  month     = {feb},
  doi       = {10.1109/23.12669},
  file      = {:Aprile1988 - Delta Electron Production and the Ultimate Energy Resolution of Liquid Argon Ionization Detectors.pdf:PDF},
  groups    = {Argon},
  publisher = {Institute of Electrical and Electronics Engineers ({IEEE})},
}

@Article{Sternheimer1984,
  author    = {R.M. Sternheimer and M.J. Berger and S.M. Seltzer},
  title     = {Density effect for the ionization loss of charged particles in various substances},
  journal   = {Atomic Data and Nuclear Data Tables},
  year      = {1984},
  volume    = {30},
  number    = {2},
  pages     = {261--271},
  month     = {mar},
  doi       = {10.1016/0092-640x(84)90002-0},
  file      = {:Sternheimer1984 - Density Effect for the Ionization Loss of Charged Particles in Various Substances.pdf:PDF},
  groups    = {Argon},
  publisher = {Elsevier {BV}},
}

@Article{Walkowiak2000,
  author    = {W. Walkowiak},
  title     = {Drift velocity of free electrons in liquid argon},
  journal   = {Nuclear Instruments and Methods in Physics Research Section A: Accelerators, Spectrometers, Detectors and Associated Equipment},
  year      = {2000},
  volume    = {449},
  number    = {1-2},
  pages     = {288--294},
  month     = {jul},
  doi       = {10.1016/s0168-9002(99)01301-7},
  file      = {:Walkowiak2000 - Drift Velocity of Free Electrons in Liquid Argon.pdf:PDF},
  groups    = {Argon},
  publisher = {Elsevier {BV}},
}

@Article{Borghesani1990,
  author    = {A.F. Borghesani and G. Carugno and M. Cavenago and E. Conti},
  title     = {Electron transmission through the Ar liquid-vapor interface},
  journal   = {Physics Letters A},
  year      = {1990},
  volume    = {149},
  number    = {9},
  pages     = {481--484},
  month     = {oct},
  doi       = {10.1016/0375-9601(90)90221-9},
  file      = {:Borghesani1990 - Electron Transmission through the Ar Liquid Vapor Interface.pdf:PDF},
  groups    = {Argon},
  publisher = {Elsevier {BV}},
}

@Article{guschin,
  author  = {E.M. Gushchin, A.A. Kruglov, I.M. Obodovskii},
  title   = {Emission of "hot" electrons from liquid and solid argon and xenon},
  journal = {J Exp. Theor. Phys},
  year    = {1982},
  file    = {:guschin - Emission of hot Electrons from Liquid and Solid Argon and Xenon.pdf:PDF},
  groups  = {Argon},
}

@Article{Amerio2004,
  author    = {S. Amerio and S. Amoruso and M. Antonello and P. Aprili and M. Armenante and F. Arneodo and A. Badertscher and B. Baiboussinov and M. Baldo Ceolin and G. Battistoni and B. Bekman and P. Benetti and E. Bernardini and M. Bischofberger and A. Borio di Tigliole and R. Brunetti and R. Bruzzese and A. Bueno and E. Calligarich and M. Campanelli and F. Carbonara and C. Carpanese and D. Cavalli and F. Cavanna and P. Cennini and S. Centro and A. Cesana and C. Chen and D. Chen and D.B. Chen and Y. Chen and R. Cid and D.B. Cline and K. Cie{\'{s}}lik and A.G. Cocco and D. Corti and Z. Dai and C. De Vecchi and A. Da{\c}browska and A. Di Cicco and R. Dolfini and A. Ereditato and M. Felcini and A. Ferella and A. Ferrari and F. Ferri and G. Fiorillo and S. Galli and D. Garcia Gamez and Y. Ge and D. Gibin and A. Gigli Berzolari and I. Gil-Botella and K. Graczyk and L. Grandi and A. Guglielmi and K. He and J. Holeczek and X. Huang and C. Juszczak and D. Kie{\l}czewska and J. Kisiel and T. Koz{\l}owski and H. Kuna-Ciska{\l} and M. Laffranchi and J. {\L}agoda and Z. Li and B. Lisowski and F. Lu and J. Ma and G. Mangano and G. Mannocchi and M. Markiewicz and A. Martinez de la Ossa and C. Matthey and F. Mauri and D. Mazza and A.J. Melgarejo and A. Menegolli and G. Meng and M. Messina and J.W. Mietelski and C. Montanari and S. Muraro and S. Navas-Concha and M. Nicoletto and J. Nowak and G. Nurzia and C. Osuna and S. Otwinowski and Q. Ouyang and O. Palamara and D. Pascoli and L. Periale and G. Piano Mortari and A. Piazzoli and P. Picchi and F. Pietropaolo and W. P{\'{o}}{\l}ch{\l}opek and M. Prata and T. Rancati and A. Rappoldi and G.L. Raselli and J. Rico and E. Rondio and M. Rossella and A. Rubbia and C. Rubbia and P. Sala and R. Santorelli and D. Scannicchio and E. Segreto and Y. Seo and F. Sergiampietri and J. Sobczyk and N. Spinelli and J. Stepaniak and R. Sulej and M. Szeptycka and M. Szarska and M. Terrani and G. Trinchero and R. Velotta and S. Ventura and C. Vignoli and H. Wang and X. Wang and J. Woo and G. Xu and Z. Xu and X. Yang and A. Zalewska and J. Zalipska and C. Zhang and Q. Zhang and S. Zhen and W. Zipper},
  title     = {Design, construction and tests of the {ICARUS} T600 detector},
  journal   = {Nuclear Instruments and Methods in Physics Research Section A: Accelerators, Spectrometers, Detectors and Associated Equipment},
  year      = {2004},
  volume    = {527},
  number    = {3},
  pages     = {329--410},
  month     = {jul},
  doi       = {10.1016/j.nima.2004.02.044},
  file      = {:Amerio2004 - Design, Construction and Tests of the ICARUS T600 Detector.pdf:PDF},
  groups    = {Argon},
  publisher = {Elsevier {BV}},
}

@Article{Lekner1967,
  author    = {J. Lekner},
  title     = {Motion of Electrons in Liquid Argon},
  journal   = {Physical Review},
  year      = {1967},
  volume    = {158},
  number    = {1},
  pages     = {130--137},
  month     = {jun},
  doi       = {10.1103/physrev.158.130},
  file      = {:Lekner1967 - Motion of Electrons in Liquid Argon.pdf:PDF},
  groups    = {Argon},
  publisher = {American Physical Society ({APS})},
}

@Article{Amoruso2004,
  author    = {S. Amoruso and M. Antonello and P. Aprili and F. Arneodo and A. Badertscher and B. Baiboussinov and M. Baldo Ceolin and G. Battistoni and B. Bekman and P. Benetti and M. Bischofberger and A. Borio di Tigliole and R. Brunetti and R. Bruzzese and A. Bueno and M. Buzzanca and E. Calligarich and M. Campanelli and F. Carbonara and C. Carpanese and D. Cavalli and F. Cavanna and P. Cennini and S. Centro and A. Cesana and C. Chen and D. Chen and D.B. Chen and Y. Chen and K. Cie{\'{s}}lik and D. Cline and A.G. Cocco and Z. Dai and C. De Vecchi and A. D{\k{a}}browska and A. Di Cicco and R. Dolfini and A. Ereditato and M. Felcini and A. Ferrari and F. Ferri and G. Fiorillo and S. Galli and Y. Ge and D. Gibin and A. Gigli Berzolari and I. Gil-Botella and K. Graczyk and L. Grandi and A. Guglielmi and K. He and J. Holeczek and X. Huang and C. Juszczak and D. Kie{\l}czewska and J. Kisiel and T. Koz{\l}owski and M. Laffranchi and J. {\L}agoda and Z. Li and F. Lu and J. Ma and G. Mangano and M. Markiewicz and A. Martinez de la Ossa and C. Matthey and F. Mauri and G. Meng and M. Messina and C. Montanari and S. Muraro and S. Navas-Concha and S. Otwinowski and Q. Ouyang and O. Palamara and D. Pascoli and L. Periale and G.B. Piano Mortari and A. Piazzoli and P. Picchi and F. Pietropaolo and W. P{\'{o}}{\l}ch{\l}opek and T. Rancati and A. Rappoldi and G.L. Raselli and J. Rico and E. Rondio and M. Rossella and A. Rubbia and C. Rubbia and P.R. Sala and R. Santorelli and D. Scannicchio and E. Segreto and Y. Seo and F. Sergiampietri and J. Sobczyk and N. Spinelli and J. Stepaniak and R. Sulej and M. Szarska and M. Szeptycka and M. Terrani and R. Velotta and S. Ventura and C. Vignoli and H. Wang and X. Wang and J. Woo and G. Xu and Z. Xu and A. Zalewska and C. Zhang and Q. Zhang and S. Zhen and W. Zipper},
  title     = {Study of electron recombination in liquid argon with the {ICARUS} {TPC}},
  journal   = {Nuclear Instruments and Methods in Physics Research Section A: Accelerators, Spectrometers, Detectors and Associated Equipment},
  year      = {2004},
  volume    = {523},
  number    = {3},
  pages     = {275--286},
  month     = {may},
  doi       = {10.1016/j.nima.2003.11.423},
  file      = {:Amoruso2004 - Study of Electron Recombination in Liquid Argon with the ICARUS TPC.pdf:PDF},
  groups    = {Argon},
  publisher = {Elsevier {BV}},
}

@Article{Fukasawa2017,
  author    = {Shinya Fukasawa and Monojit Ghosh and Osamu Yasuda},
  title     = {Complementarity between Hyperkamiokande and {DUNE} in determining neutrino oscillation parameters},
  journal   = {Nuclear Physics B},
  year      = {2017},
  volume    = {918},
  pages     = {337--357},
  month     = {may},
  doi       = {10.1016/j.nuclphysb.2017.02.008},
  file      = {:Fukasawa2017 - Complementarity between Hyperkamiokande and DUNE in Determining Neutrino Oscillation Parameters.pdf:PDF},
  groups    = {DUNE},
  publisher = {Elsevier {BV}},
}

@Article{Acciarri2016,
  author      = {R. Acciarri and M. A. Acero and M. Adamowski and C. Adams and P. Adamson and S. Adhikari and Z. Ahmad and C. H. Albright and T. Alion and E. Amador and J. Anderson and K. Anderson and C. Andreopoulos and M. Andrews and R. Andrews and I. Anghel and J. d. Anjos and A. Ankowski and M. Antonello and A. ArandaFernandez and A. Ariga and T. Ariga and D. Aristizabal and E. Arrieta-Diaz and K. Aryal and J. Asaadi and D. Asner and M. S. Athar and M. Auger and A. Aurisano and V. Aushev and D. Autiero and M. Avila and J. J. Back and X. Bai and B. Baibussinov and M. Baird and A. B. Balantekin and B. Baller and P. Ballett and B. Bambah and M. Bansal and S. Bansal and G. J. Barker and W. A. Barletta and G. Barr and N. Barros and L. Bartoszek and A. Bashyal and M. Bass and F. Bay and J. Beacom and B. R. Behera and G. Bellettini and V. Bellini and O. Beltramello and P. A. Benetti and A. Bercellie and M. Bergevin and E. Berman and H. Berns and R. Bernstein and S. Bertolucci and B. Bhandari and V. Bhatnagar and B. Bhuyan and J. Bian and K. Biery and M. Bishai and T. Blackburn and A. Blake and F. d. M. Blaszczyk and E. Blaufuss and B. Bleakley and E. Blucher and V. Bocean and F. Boffelli and J. Boissevain and S. Bolognesi and T. Bolton and M. Bonesini and T. Boone and C. Booth and S. Bordoni and M. Borysova and B. Bourguille and S. B. Boyd and D. Brailsford and A. Brandt and J. Bremer and S. Brice and C. Bromberg and G. Brooijmans and G. Brown and R. Brown and G. Brunetti and X. Bu and N. Buchanan and H. Budd and B. Bugg and P. Calafiura and E. Calligarich and E. Calvo and L. Camilleri and M. Campanelli and C. Cantini and B. Carls and R. Carr and M. Cascella and C. Castromonte and E. CatanoMur and F. Cavanna and S. Centro and A. CerveraVillanueva and V. B. Chandratre and A. Chatterjee and S. Chattopadhyay and S. Chattopadhyay and L. Chaussard and S. Chembra and H. Chen and K. Chen and M. Chen and D. Cherdack and C. Chi and S. Childress and S. Choubey and B. C. Choudhary and G. Christodoulou and C. Christofferson and E. Church and D. Cianci and D. Cline and T. Coan and A. Cocco and J. Coelho and P. Cole and G. Collin and J. M. Conrad and M. Convery and R. Corey and L. Corwin and J. Cranshaw and P. Crivelli and D. Cronin-Hennessy and A. Curioni and J. Cushing and D. L. Adams and D. Dale and S. R. Das and T. Davenne and G. S. Davies and J. Davies and J. Dawson and K. De and A. deGouvea and J. K. deJong and P. deJong and P. DeLurgio and M. Decowski and A. Delbart and C. Densham and R. Dharmapalan and N. Dhingra and S. DiLuise and M. Diamantopoulou and J. S. Diaz and G. DiazBautista and M. Diwan and Z. Djurcic and J. Dolph and G. Drake and D. Duchesneau and M. Duvernois and H. Duyang and D. A. Dwyer and S. Dye and S. Dytman and B. Eberly and R. Edgecock and D. Edmunds and S. Elliott and M. Elnimr and S. Emery and E. Endress and S. Eno and A. Ereditato and C. O. Escobar and J. Evans and A. Falcone and L. Falk and A. Farbin and C. Farnese and Y. Farzan and A. Fava and L. Favilli and J. Felde and J. Felix and S. Fernandes and L. Fields and A. Finch and M. Fitton and B. Fleming and T. Forest and J. Fowler and W. Fox and J. Fried and A. Friedland and S. Fuess and B. Fujikawa and A. Gago and H. Gallagher and S. Galymov and T. Gamble and R. Gandhi and D. Garcia-Gamez and S. Gardiner and G. Garvey and V. M. Gehman and A. Gendotti and G. d. Geronimo and C. Ghag and P. Ghoshal and D. Gibin and I. Gil-Botella and R. Gill and D. Girardelli and A. Giri and S. Glavin and D. Goeldi and S. Golapinni and M. Gold and R. A. Gomes and J. J. GomezCadenas and M. C. Goodman and D. Gorbunov and S. Goswami and N. Graf and N. Graf and M. Graham and E. Gramelini and R. Gran and C. Grant and N. Grant and V. Greco and H. Greenlee and L. Greenler and C. Greenley and M. Groh and S. Grullon and T. Grundy and K. Grzelak and E. Guardincerri and V. Guarino and E. Guarnaccia and G. P. Guedes and R. Guenette and A. Guglielmi and A. T. Habig and R. W. Hackenburg and A. Hackenburg and H. Hadavand and R. Haenni and A. Hahn and M. D. Haigh and T. Haines and T. Hamernik and T. Handler and S. Hans and D. Harris and J. Hartnell and T. Hasegawa and R. Hatcher and A. Hatzikoutelis and S. Hays and E. Hazen and M. Headley and A. Heavey and K. Heeger and J. Heise and K. Hennessy and J. Hewes and A. Higuera and T. Hill and A. Himmel and M. Hogan and P. Holanda and A. Holin and W. Honey and S. Horikawa and G. Horton-Smith and B. Howard and J. Howell and P. Hurh and J. Huston and J. Hylen and R. Imlay and J. Insler and G. Introzzi and D. Ioanisyan and A. Ioannisian and K. Iwamoto and A. Izmaylov and C. Jackson and D. E. Jaffe and C. James and E. James and F. Jediny and C. Jen and A. Jhingan and S. Jiménez and J. H. Jo and M. Johnson and R. Johnson and J. Johnstone and B. J. Jones and J. Joshi and H. Jostlein and C. K. Jung and T. Junk and A. Kaboth and R. Kadel and T. Kafka and L. Kalousis and Y. Kamyshkov and G. Karagiorgi and D. Karasavvas and Y. Karyotakis and A. Kaur and P. Kaur and B. Kayser and N. Kazaryan and E. Kearns and P. Keener and S. Kemboi and E. Kemp and S. H. Kettell and M. Khabibullin and M. Khandaker and A. Khotjantsev and B. Kirby and M. Kirby and J. Klein and T. Kobilarcik and S. Kohn and G. Koizumi and A. Kopylov and M. Kordosky and L. Kormos and U. Kose and V. A. Kostelecky and M. Kramer and I. Kreslo and R. Kriske and W. Kropp and Y. Kudenko and V. A. Kudryavtsev and S. Kulagin and A. Kumar and G. K. Kumar and J. Kumar and L. Kumar and T. Kutter and A. Laminack and K. Lande and C. Lane and K. Lang and F. Lanni and J. Learned and P. Lebrun and D. Lee and H. Lee and K. Lee and W. M. Lee and M. A. LeiguideOliveira and Q. Li and S. Li and S. Li and X. Li and Y. Li and Z. Li and J. Libo and C. S. Lin and S. Lin and J. Ling and J. Link and Z. Liptak and D. Lissauer and L. Littenberg and B. Littlejohn and Q. Liu and T. Liu and S. Lockwitz and N. Lockyer and T. Loew and M. Lokajicek and K. Long and M. D. L. Lopes and J. P. Lopez and J. Losecco and W. Louis and J. Lowery and M. Luethi and K. B. Luk and B. Lundberg and T. Lundin and X. Luo and T. Lux and J. Lykken and A. A. Machado and J. R. Macier and S. Magill and G. Mahler and K. Mahn and M. Malek and S. Malhotra and D. Malon and F. Mammoliti and S. Mancina and S. K. Mandal and S. Mandodi and S. L. Manly and A. Mann and A. Marchionni and W. Marciano and C. Mariani and J. Maricic and A. Marino and M. Marshak and C. Marshall and J. Marshall and J. Marteau and J. Martin-Albo and D. Martinez and S. Matsuno and J. Matthews and C. Mauger and K. Mavrokoridis and D. Mayilyan and E. Mazzucato and N. McCauley and E. McCluskey and N. McConkey and K. McDonald and K. S. McFarland and A. M. McGowan and C. McGrew and R. McKeown and D. McNulty and R. McTaggart and A. Mefodiev and M. Mehrian and P. Mehta and D. Mei and O. Mena and S. Menary and H. Mendez and A. Menegolli and G. Meng and Y. Meng and H. Merritt and D. Mertins and M. Messier and W. Metcalf and M. Mewes and H. Meyer and T. Miao and R. Milincic and W. Miller and G. Mills and O. Mineev and O. Miranda and C. S. Mishra and S. R. Mishra and B. Mitrica and D. Mladenov and I. Mocioiu and R. Mohanta and N. Mokhov and C. Montanari and D. Montanari and J. Moon and M. Mooney and C. Moore and J. Morfin and B. Morgan and C. Morris and W. Morse and Z. Moss and C. Mossey and C. A. Moura and J. Mousseau and L. Mualem and M. Muether and S. Mufson and S. Murphy and J. Musser and R. Musser and Y. Nakajima and D. Naples and J. Navarro and D. Navas and J. Nelson and M. Nessi and M. Newcomer and Y. Ng and R. Nichol and T. C. Nicholls and K. Nikolics and E. Niner and B. Norris and F. Noto and P. Novakova and P. Novella and J. Nowak and M. S. Nunes and H. O'Keeffe and R. Oldeman and R. Oliveira and T. Olson and Y. Onishchuk and J. Osta and T. Ovsjannikova and B. Page and S. Pakvasa and S. Pal and O. Palamara and A. Palazzo and J. Paley and C. Palomares and E. Pantic and V. Paolone and V. Papadimitriou and J. Park and S. Parke and Z. Parsa and S. Pascoli and R. Patterson and S. Patton and T. Patzak and B. Paulos and L. Paulucci and Z. Pavlovic and G. Pawloski and S. Peeters and E. Pennacchio and A. Perch and G. N. Perdue and L. Periale and J. D. Perkin and H. Pessard and G. Petrillo and R. Petti and A. Petukhov and F. Pietropaolo and R. Plunkett and S. Pordes and M. Potekhin and R. Potenza and B. Potukuchi and N. Poudyal and O. Prokofiev and N. Pruthi and P. Przewlocki and D. Pushka and X. Qian and J. L. Raaf and R. Raboanary and V. Radeka and A. Radovic and G. Raffelt and I. Rakhno and H. T. Rakotondramanana and L. Rakotondravohitra and Y. A. Ramachers and R. Rameika and J. Ramsey and A. Rappoldi and G. Raselli and P. Ratoff and B. Rebel and C. Regenfus and J. Reichenbacher and D. Reitzner and A. Remoto and A. Renshaw and S. Rescia and M. Richardson and K. Rielage and K. Riesselmann and M. Robinson and L. Rochester and O. B. Rodrigues and P. Rodrigues and B. Roe and M. Rosen and R. M. Roser and M. Ross-Lonergan and M. Rossella and A. Rubbia and C. Rubbia and R. Rucinski and C. RudolphvonRohr and B. Russell and D. Ruterbories and R. Saakyan and N. Sahu and P. Sala and N. Samios and F. Sanchez and M. Sanchez and B. Sands and S. Santana and R. Santorelli and G. Santucci and N. Saoulidou and A. Scaramelli and H. Schellman and P. Schlabach and R. Schmitt and D. Schmitz and J. Schneps and K. Scholberg and A. Schukraft and J. Schwehr and E. Segreto and S. Seibert and J. A. Sepulveda-Quiroz and F. Sergiampietri and L. Sexton-Kennedy and D. Sgalaberna and M. Shaevitz and J. Shahi and S. Shahsavarani and P. Shanahan and S. U. Shankar and R. Sharma and R. K. Sharma and T. Shaw and R. Shrock and I. Shyrma and N. Simos and G. Sinev and I. Singh and J. Singh and J. Singh and V. Singh and G. Sinnis and W. Sippach and D. Smargianaki and M. Smy and E. Snider and P. Snopok and J. Sobczyk and H. Sobel and M. Soderberg and N. Solomey and W. Sondheim and M. Sorel and A. Sousa and K. Soustruznik and J. Spitz and J. Spitz and N. J. Spooner and M. Stancari and I. Stancu and D. Stefan and H. M. Steiner and J. Stewart and J. Stock and S. Stoica and J. Stone and J. Strait and M. Strait and T. Strauss and S. Striganov and R. Sulej and G. Sullivan and Y. Sun and L. Suter and C. M. Sutera and R. Svoboda and B. Szczerbinska and A. Szelc and S. Söldner-Rembold and R. Talaga and M. Tamsett and S. Tariq and E. Tatar and R. Tayloe and C. Taylor and D. Taylor and K. Terao and M. Thiesse and J. Thomas and L. F. Thompson and M. Thomson and C. Thorn and M. Thorpe and X. Tian and D. Tiedt and S. C. Timm and A. Tonazzo and T. Tope and A. Topkar and F. R. Torres and M. Torti and M. Tortola and F. Tortorici and M. Toups and C. Touramanis and M. Tripathi and I. Tropin and Y. Tsai and K. V. Tsang and R. Tsenov and S. Tufanli and C. Tull and J. Turner and M. Tzanov and E. Tziaferi and Y. Uchida and J. Urheim and T. Usher and M. Vagins and P. Vahle and G. A. Valdiviesso and L. Valerio and Z. Vallari and J. Valle and R. VanBerg and R. VandeWater and P. VanGemmeren and F. Varanini and G. Varner and G. Vasseur and K. Vaziri and G. Velev and S. Ventura and A. Verdugo and T. Viant and T. V. Vieira and C. Vignoli and C. Vilela and B. Viren and T. Vrba and T. Wachala and D. Wahl and M. Wallbank and N. Walsh and B. Wang and H. Wang and L. Wang and T. Wang and T. K. Warburton and D. Warner and M. Wascko and D. Waters and T. B. Watson and A. Weber and M. Weber and W. Wei and A. Weinstein and D. Wells and D. Wenman and M. Wetstein and A. White and L. Whitehead and D. Whittington and M. Wilking and J. Willhite and P. Wilson and R. J. Wilson and L. Winslow and P. Wittich and S. Wojcicki and H. H. Wong and K. Wood and E. Worcester and M. Worcester and S. Wu and T. Xin and C. Yanagisawa and S. Yang and T. Yang and K. Yarritu and J. Ye and M. Yeh and N. Yershov and K. Yonehara and B. Yu and J. Yu and J. Zalesak and A. Zalewska and B. Zamorano and L. Zang and A. Zani and A. Zani and G. Zavala and G. Zeller and C. Zhang and C. Zhang and E. D. Zimmerman and M. Zito and R. Zwaska},
  title       = {Long-Baseline Neutrino Facility (LBNF) and Deep Underground Neutrino Experiment (DUNE) Conceptual Design Report Volume 1: The LBNF and DUNE Projects},
  date        = {2016-01-20},
  eprint      = {http://arxiv.org/abs/1601.05471v1},
  eprintclass = {physics.ins-det},
  eprinttype  = {arXiv},
  file        = {:Acciarri2016 - Long Baseline Neutrino Facility (LBNF) and Deep Underground Neutrino Experiment (DUNE) Conceptual Design Report Volume 1 the LBNF and DUNE Projects.pdf:PDF},
  groups      = {DUNE},
  keywords    = {physics.ins-det, hep-ex},
}

@Article{Collaboration2015,
  author      = {DUNE Collaboration and R. Acciarri and M. A. Acero and M. Adamowski and C. Adams and P. Adamson and S. Adhikari and Z. Ahmad and C. H. Albright and T. Alion and E. Amador and J. Anderson and K. Anderson and C. Andreopoulos and M. Andrews and R. Andrews and I. Anghel and J. d. Anjos and A. Ankowski and M. Antonello and A. ArandaFernandez and A. Ariga and T. Ariga and D. Aristizabal and E. Arrieta-Diaz and K. Aryal and J. Asaadi and D. Asner and M. S. Athar and M. Auger and A. Aurisano and V. Aushev and D. Autiero and M. Avila and J. J. Back and X. Bai and B. Baibussinov and M. Baird and A. B. Balantekin and B. Baller and P. Ballett and B. Bambah and M. Bansal and S. Bansal and G. J. Barker and W. A. Barletta and G. Barr and N. Barros and L. Bartoszek and A. Bashyal and M. Bass and F. Bay and J. Beacom and B. R. Behera and G. Bellettini and V. Bellini and O. Beltramello and P. A. Benetti and A. Bercellie and M. Bergevin and E. Berman and H. Berns and R. Bernstein and S. Bertolucci and B. Bhandari and V. Bhatnagar and B. Bhuyan and J. Bian and K. Biery and M. Bishai and T. Blackburn and A. Blake and F. d. M. Blaszczyk and E. Blaufuss and B. Bleakley and E. Blucher and V. Bocean and F. Boffelli and J. Boissevain and S. Bolognesi and T. Bolton and M. Bonesini and T. Boone and C. Booth and S. Bordoni and M. Borysova and B. Bourguille and S. B. Boyd and D. Brailsford and A. Brandt and J. Bremer and S. Brice and C. Bromberg and G. Brooijmans and G. Brown and R. Brown and G. Brunetti and X. Bu and N. Buchanan and H. Budd and B. Bugg and P. Calafiura and E. Calligarich and E. Calvo and L. Camilleri and M. Campanelli and C. Cantini and B. Carls and R. Carr and M. Cascella and C. Castromonte and E. CatanoMur and F. Cavanna and S. Centro and A. CerveraVillanueva and V. B. Chandratre and A. Chatterjee and S. Chattopadhyay and S. Chattopadhyay and L. Chaussard and S. Chembra and H. Chen and K. Chen and M. Chen and D. Cherdack and C. Chi and S. Childress and S. Choubey and B. C. Choudhary and G. Christodoulou and C. Christofferson and E. Church and D. Cianci and D. Cline and T. Coan and A. Cocco and J. Coelho and P. Cole and G. Collin and J. M. Conrad and M. Convery and R. Corey and L. Corwin and J. Cranshaw and P. Crivelli and D. Cronin-Hennessy and A. Curioni and J. Cushing and D. L. Adams and D. Dale and S. R. Das and T. Davenne and G. S. Davies and J. Davies and J. Dawson and K. De and A. deGouvea and J. K. deJong and P. deJong and P. DeLurgio and M. Decowski and A. Delbart and C. Densham and R. Dharmapalan and N. Dhingra and S. DiLuise and M. Diamantopoulou and J. S. Diaz and G. DiazBautista and M. Diwan and Z. Djurcic and J. Dolph and G. Drake and D. Duchesneau and M. Duvernois and H. Duyang and D. A. Dwyer and S. Dye and S. Dytman and B. Eberly and R. Edgecock and D. Edmunds and S. Elliott and M. Elnimr and S. Emery and E. Endress and S. Eno and A. Ereditato and C. O. Escobar and J. Evans and A. Falcone and L. Falk and A. Farbin and C. Farnese and Y. Farzan and A. Fava and L. Favilli and J. Felde and J. Felix and S. Fernandes and L. Fields and A. Finch and M. Fitton and B. Fleming and T. Forest and J. Fowler and W. Fox and J. Fried and A. Friedland and S. Fuess and B. Fujikawa and A. Gago and H. Gallagher and S. Galymov and T. Gamble and R. Gandhi and D. Garcia-Gamez and S. Gardiner and G. Garvey and V. M. Gehman and A. Gendotti and G. d. Geronimo and C. Ghag and P. Ghoshal and D. Gibin and I. Gil-Botella and R. Gill and D. Girardelli and A. Giri and S. Glavin and D. Goeldi and S. Golapinni and M. Gold and R. A. Gomes and J. J. GomezCadenas and M. C. Goodman and D. Gorbunov and S. Goswami and N. Graf and N. Graf and M. Graham and E. Gramelini and R. Gran and C. Grant and N. Grant and V. Greco and H. Greenlee and L. Greenler and C. Greenley and M. Groh and S. Grullon and T. Grundy and K. Grzelak and E. Guardincerri and V. Guarino and E. Guarnaccia and G. P. Guedes and R. Guenette and A. Guglielmi and A. T. Habig and R. W. Hackenburg and A. Hackenburg and H. Hadavand and R. Haenni and A. Hahn and M. D. Haigh and T. Haines and T. Hamernik and T. Handler and S. Hans and D. Harris and J. Hartnell and T. Hasegawa and R. Hatcher and A. Hatzikoutelis and S. Hays and E. Hazen and M. Headley and A. Heavey and K. Heeger and J. Heise and K. Hennessy and J. Hewes and A. Higuera and T. Hill and A. Himmel and M. Hogan and P. Holanda and A. Holin and W. Honey and S. Horikawa and G. Horton-Smith and B. Howard and J. Howell and P. Hurh and J. Huston and J. Hylen and R. Imlay and J. Insler and G. Introzzi and D. Ioanisyan and A. Ioannisian and K. Iwamoto and A. Izmaylov and C. Jackson and D. E. Jaffe and C. James and E. James and F. Jediny and C. Jen and A. Jhingan and S. Jiménez and J. H. Jo and M. Johnson and R. Johnson and J. Johnstone and B. J. Jones and J. Joshi and H. Jostlein and C. K. Jung and T. Junk and A. Kaboth and R. Kadel and T. Kafka and L. Kalousis and Y. Kamyshkov and G. Karagiorgi and D. Karasavvas and Y. Karyotakis and A. Kaur and P. Kaur and B. Kayser and N. Kazaryan and E. Kearns and P. Keener and S. Kemboi and E. Kemp and S. H. Kettell and M. Khabibullin and M. Khandaker and A. Khotjantsev and B. Kirby and M. Kirby and J. Klein and T. Kobilarcik and S. Kohn and G. Koizumi and A. Kopylov and M. Kordosky and L. Kormos and U. Kose and V. A. Kostelecky and M. Kramer and I. Kreslo and R. Kriske and W. Kropp and Y. Kudenko and V. A. Kudryavtsev and S. Kulagin and A. Kumar and G. Kumar and J. Kumar and L. Kumar and T. Kutter and A. Laminack and K. Lande and C. Lane and K. Lang and F. Lanni and J. Learned and P. Lebrun and D. Lee and H. Lee and K. Lee and W. M. Lee and M. A. LeiguideOliveira and Q. Li and S. Li and S. Li and X. Li and Y. Li and Z. Li and J. Libo and C. S. Lin and S. Lin and J. Ling and J. Link and Z. Liptak and D. Lissauer and L. Littenberg and B. Littlejohn and Q. Liu and T. Liu and S. Lockwitz and N. Lockyer and T. Loew and M. Lokajicek and K. Long and M. D. L. Lopes and J. P. Lopez and J. Losecco and W. Louis and J. Lowery and M. Luethi and K. Luk and B. Lundberg and T. Lundin and X. Luo and T. Lux and J. Lykken and A. A. Machado and J. R. Macier and S. Magill and G. Mahler and K. Mahn and M. Malek and S. Malhotra and D. Malon and F. Mammoliti and S. Mancina and S. K. Mandal and S. Mandodi and S. L. Manly and A. Mann and A. Marchionni and W. Marciano and C. Mariani and J. Maricic and A. Marino and M. Marshak and C. Marshall and J. Marshall and J. Marteau and J. Martin-Albo and D. Martinez and S. Matsuno and J. Matthews and C. Mauger and K. Mavrokoridis and D. Mayilyan and E. Mazzucato and N. McCauley and E. McCluskey and N. McConkey and K. McDonald and K. S. McFarland and A. M. McGowan and C. McGrew and R. McKeown and D. McNulty and R. McTaggart and A. Mefodiev and M. Mehrian and P. Mehta and D. Mei and O. Mena and S. Menary and H. Mendez and A. Menegolli and G. Meng and Y. Meng and H. Merritt and D. Mertins and M. Messier and W. Metcalf and M. Mewes and H. Meyer and T. Miao and R. Milincic and W. Miller and G. Mills and O. Mineev and O. Miranda and C. S. Mishra and S. R. Mishra and B. Mitrica and D. Mladenov and I. Mocioiu and R. Mohanta and N. Mokhov and C. Montanari and D. Montanari and J. Moon and M. Mooney and C. Moore and J. Morfin and B. Morgan and C. Morris and W. Morse and Z. Moss and C. Mossey and C. A. Moura and J. Mousseau and L. Mualem and M. Muether and S. Mufson and S. Murphy and J. Musser and R. Musser and Y. Nakajima and D. Naples and J. Navarro and D. Navas and J. Nelson and M. Nessi and M. Newcomer and Y. Ng and R. Nichol and T. C. Nicholls and K. Nikolics and E. Niner and B. Norris and F. Noto and P. Novakova and P. Novella and J. Nowak and M. S. Nunes and H. O'Keeffe and R. Oldeman and R. Oliveira and T. Olson and Y. Onishchuk and J. Osta and T. Ovsjannikova and B. Page and S. Pakvasa and S. Pal and O. Palamara and A. Palazzo and J. Paley and C. Palomares and E. Pantic and V. Paolone and V. Papadimitriou and J. Park and S. Parke and Z. Parsa and S. Pascoli and R. Patterson and S. Patton and T. Patzak and B. Paulos and L. Paulucci and Z. Pavlovic and G. Pawloski and S. Peeters and E. Pennacchio and A. Perch and G. N. Perdue and L. Periale and J. D. Perkin and H. Pessard and G. Petrillo and R. Petti and A. Petukhov and F. Pietropaolo and R. Plunkett and S. Pordes and M. Potekhin and R. Potenza and B. Potukuchi and N. Poudyal and O. Prokofiev and N. Pruthi and P. Przewlocki and D. Pushka and X. Qian and J. L. Raaf and R. Raboanary and V. Radeka and A. Radovic and G. Raffelt and I. Rakhno and H. T. Rakotondramanana and L. Rakotondravohitra and Y. A. Ramachers and R. Rameika and J. Ramsey and A. Rappoldi and G. Raselli and P. Ratoff and B. Rebel and C. Regenfus and J. Reichenbacher and D. Reitzner and A. Remoto and A. Renshaw and S. Rescia and M. Richardson and K. Rielage and K. Riesselmann and M. Robinson and L. Rochester and O. B. Rodrigues and P. Rodrigues and B. Roe and M. Rosen and R. M. Roser and M. Ross-Lonergan and M. Rossella and A. Rubbia and C. Rubbia and R. Rucinski and C. RudolphvonRohr and B. Russell and D. Ruterbories and R. Saakyan and N. Sahu and P. Sala and N. Samios and F. Sanchez and M. Sanchez and B. Sands and S. Santana and R. Santorelli and G. Santucci and N. Saoulidou and A. Scaramelli and H. Schellman and P. Schlabach and R. Schmitt and D. Schmitz and J. Schneps and K. Scholberg and A. Schukraft and J. Schwehr and E. Segreto and S. Seibert and J. A. Sepulveda-Quiroz and F. Sergiampietri and L. Sexton-Kennedy and D. Sgalaberna and M. Shaevitz and J. Shahi and S. Shahsavarani and P. Shanahan and S. U. Shankar and R. Sharma and R. K. Sharma and T. Shaw and R. Shrock and I. Shyrma and N. Simos and G. Sinev and I. Singh and J. Singh and J. Singh and V. Singh and G. Sinnis and W. Sippach and D. Smargianaki and M. Smy and E. Snider and P. Snopok and J. Sobczyk and H. Sobel and M. Soderberg and N. Solomey and W. Sondheim and M. Sorel and A. Sousa and K. Soustruznik and J. Spitz and J. Spitz and N. J. Spooner and M. Stancari and I. Stancu and D. Stefan and H. M. Steiner and J. Stewart and J. Stock and S. Stoica and J. Stone and J. Strait and M. Strait and T. Strauss and S. Striganov and R. Sulej and G. Sullivan and Y. Sun and L. Suter and C. M. Sutera and R. Svoboda and B. Szczerbinska and A. Szelc and S. Söldner-Rembold and R. Talaga and M. Tamsett and S. Tariq and E. Tatar and R. Tayloe and C. Taylor and D. Taylor and K. Terao and M. Thiesse and J. Thomas and L. F. Thompson and M. Thomson and C. Thorn and M. Thorpe and X. Tian and D. Tiedt and S. C. Timm and A. Tonazzo and T. Tope and A. Topkar and F. R. Torres and M. Torti and M. Tortola and F. Tortorici and M. Toups and C. Touramanis and M. Tripathi and I. Tropin and Y. Tsai and K. V. Tsang and R. Tsenov and S. Tufanli and C. Tull and J. Turner and M. Tzanov and E. Tziaferi and Y. Uchida and J. Urheim and T. Usher and M. Vagins and P. Vahle and G. A. Valdiviesso and L. Valerio and Z. Vallari and J. Valle and R. VanBerg and R. VandeWater and P. VanGemmeren and F. Varanini and G. Varner and G. Vasseur and K. Vaziri and G. Velev and S. Ventura and A. Verdugo and T. Viant and T. V. Vieira and C. Vignoli and C. Vilela and B. Viren and T. Vrba and T. Wachala and D. Wahl and M. Wallbank and N. Walsh and B. Wang and H. Wang and L. Wang and T. Wang and T. K. Warburton and D. Warner and M. Wascko and D. Waters and T. B. Watson and A. Weber and M. Weber and W. Wei and A. Weinstein and D. Wells and D. Wenman and M. Wetstein and A. White and L. Whitehead and D. Whittington and M. Wilking and J. Willhite and P. Wilson and R. J. Wilson and L. Winslow and P. Wittich and S. Wojcicki and H. H. Wong and K. Wood and E. Worcester and M. Worcester and S. Wu and T. Xin and C. Yanagisawa and S. Yang and T. Yang and K. Yarritu and J. Ye and M. Yeh and N. Yershov and K. Yonehara and B. Yu and J. Yu and J. Zalesak and A. Zalewska and B. Zamorano and L. Zang and A. Zani and G. Zavala and G. Zeller and C. Zhang and C. Zhang and E. D. Zimmerman and M. Zito and R. Zwaska},
  title       = {Long-Baseline Neutrino Facility (LBNF) and Deep Underground Neutrino Experiment (DUNE) Conceptual Design Report Volume 2: The Physics Program for DUNE at LBNF},
  date        = {2015-12-18},
  eprint      = {http://arxiv.org/abs/1512.06148v2},
  eprintclass = {physics.ins-det},
  eprinttype  = {arXiv},
  file        = {:Collaboration2015 - Long Baseline Neutrino Facility (LBNF) and Deep Underground Neutrino Experiment (DUNE) Conceptual Design Report Volume 2 the Physics Program for DUNE at LBNF.pdf:PDF},
  groups      = {DUNE},
  keywords    = {physics.ins-det, hep-ex},
}

@Article{Strait2016,
  author      = {James Strait and Elaine McCluskey and Tracy Lundin and Joshua Willhite and Thomas Hamernik and Vaia Papadimitriou and Alberto Marchionni and Min Jeong Kim and Marzio Nessi and David Montanari and Anne Heavey},
  title       = {Long-Baseline Neutrino Facility (LBNF) and Deep Underground Neutrino Experiment (DUNE) Conceptual Design Report Volume 3: Long-Baseline Neutrino Facility for DUNE June 24, 2015},
  date        = {2016-01-21},
  eprint      = {http://arxiv.org/abs/1601.05823v1},
  eprintclass = {physics.ins-det},
  eprinttype  = {arXiv},
  file        = {:Strait2016 - Long Baseline Neutrino Facility (LBNF) and Deep Underground Neutrino Experiment (DUNE) Conceptual Design Report Volume 3 Long Baseline Neutrino Facility for DUNE June 24, 2015.pdf:PDF},
  groups      = {DUNE},
  keywords    = {physics.ins-det, hep-ex, physics.acc-ph},
}

@Article{Acciarri2016a,
  author      = {R. Acciarri and M. A. Acero and M. Adamowski and C. Adams and P. Adamson and S. Adhikari and Z. Ahmad and C. H. Albright and T. Alion and E. Amador and J. Anderson and K. Anderson and C. Andreopoulos and M. Andrews and R. Andrews and I. Anghel and J. d. Anjos and A. Ankowski and M. Antonello and A. ArandaFernandez and A. Ariga and T. Ariga and D. Aristizabal and E. Arrieta-Diaz and K. Aryal and J. Asaadi and D. Asner and M. S. Athar and M. Auger and A. Aurisano and V. Aushev and D. Autiero and M. Avila and J. J. Back and X. Bai and B. Baibussinov and M. Baird and A. B. Balantekin and B. Baller and P. Ballett and B. Bambah and M. Bansal and S. Bansal and G. J. Barker and W. A. Barletta and G. Barr and N. Barros and L. Bartoszek and A. Bashyal and M. Bass and F. Bay and J. Beacom and B. R. Behera and G. Bellettini and V. Bellini and O. Beltramello and P. A. Benetti and A. Bercellie and M. Bergevin and E. Berman and H. Berns and R. Bernstein and S. Bertolucci and B. Bhandari and V. Bhatnagar and B. Bhuyan and J. Bian and K. Biery and M. Bishai and T. Blackburn and A. Blake and F. d. M. Blaszczyk and E. Blaufuss and B. Bleakley and E. Blucher and V. Bocean and F. Boffelli and J. Boissevain and S. Bolognesi and T. Bolton and M. Bonesini and T. Boone and C. Booth and S. Bordoni and M. Borysova and B. Bourguille and S. B. Boyd and D. Brailsford and A. Brandt and J. Bremer and S. Brice and C. Bromberg and G. Brooijmans and G. Brown and R. Brown and G. Brunetti and X. Bu and N. Buchanan and H. Budd and B. Bugg and P. Calafiura and E. Calligarich and E. Calvo and L. Camilleri and M. Campanelli and C. Cantini and B. Carls and R. Carr and M. Cascella and C. Castromonte and E. CatanoMur and F. Cavanna and S. Centro and A. CerveraVillanueva and V. B. Chandratre and A. Chatterjee and S. Chattopadhyay and S. Chattopadhyay and L. Chaussard and S. Chembra and H. Chen and K. Chen and M. Chen and D. Cherdack and C. Chi and S. Childress and S. Choubey and B. C. Choudhary and G. Christodoulou and C. Christofferson and E. Church and D. Cianci and D. Cline and T. Coan and A. Cocco and J. Coelho and P. Cole and G. Collin and J. M. Conrad and M. Convery and R. Corey and L. Corwin and J. Cranshaw and P. Crivelli and D. Cronin-Hennessy and A. Curioni and J. Cushing and D. L. Adams and D. Dale and S. R. Das and T. Davenne and G. S. Davies and J. Davies and J. Dawson and K. De and A. deGouvea and J. K. deJong and P. deJong and P. DeLurgio and M. Decowski and A. Delbart and C. Densham and R. Dharmapalan and N. Dhingra and S. DiLuise and M. Diamantopoulou and J. S. Diaz and G. DiazBautista and M. Diwan and Z. Djurcic and J. Dolph and G. Drake and D. Duchesneau and M. Duvernois and H. Duyang and D. A. Dwyer and S. Dye and S. Dytman and B. Eberly and R. Edgecock and D. Edmunds and S. Elliott and M. Elnimr and S. Emery and E. Endress and S. Eno and A. Ereditato and C. O. Escobar and J. Evans and A. Falcone and L. Falk and A. Farbin and C. Farnese and Y. Farzan and A. Fava and L. Favilli and J. Felde and J. Felix and S. Fernandes and L. Fields and A. Finch and M. Fitton and B. Fleming and T. Forest and J. Fowler and W. Fox and J. Fried and A. Friedland and S. Fuess and B. Fujikawa and A. Gago and H. Gallagher and S. Galymov and T. Gamble and R. Gandhi and D. Garcia-Gamez and S. Gardiner and G. Garvey and V. M. Gehman and A. Gendotti and G. d. Geronimo and C. Ghag and P. Ghoshal and D. Gibin and I. Gil-Botella and R. Gill and D. Girardelli and A. Giri and S. Glavin and D. Goeldi and S. Golapinni and M. Gold and R. A. Gomes and J. J. GomezCadenas and M. C. Goodman and D. Gorbunov and S. Goswami and N. Graf and N. Graf and M. Graham and E. Gramelini and R. Gran and C. Grant and N. Grant and V. Greco and H. Greenlee and L. Greenler and C. Greenley and M. Groh and S. Grullon and T. Grundy and K. Grzelak and E. Guardincerri and V. Guarino and E. Guarnaccia and G. P. Guedes and R. Guenette and A. Guglielmi and A. T. Habig and R. W. Hackenburg and A. Hackenburg and H. Hadavand and R. Haenni and A. Hahn and M. D. Haigh and T. Haines and T. Hamernik and T. Handler and S. Hans and D. Harris and J. Hartnell and T. Hasegawa and R. Hatcher and A. Hatzikoutelis and S. Hays and E. Hazen and M. Headley and A. Heavey and K. Heeger and J. Heise and K. Hennessy and J. Hewes and A. Higuera and T. Hill and A. Himmel and M. Hogan and P. Holanda and A. Holin and W. Honey and S. Horikawa and G. Horton-Smith and B. Howard and J. Howell and P. Hurh and J. Huston and J. Hylen and R. Imlay and J. Insler and G. Introzzi and D. Ioanisyan and A. Ioannisian and K. Iwamoto and A. Izmaylov and C. Jackson and D. E. Jaffe and C. James and E. James and F. Jediny and C. Jen and A. Jhingan and S. Jiménez and J. H. Jo and M. Johnson and R. Johnson and J. Johnstone and B. J. Jones and J. Joshi and H. Jostlein and C. K. Jung and T. Junk and A. Kaboth and R. Kadel and T. Kafka and L. Kalousis and Y. Kamyshkov and G. Karagiorgi and D. Karasavvas and Y. Karyotakis and A. Kaur and P. Kaur and B. Kayser and N. Kazaryan and E. Kearns and P. Keener and S. Kemboi and E. Kemp and S. H. Kettell and M. Khabibullin and M. Khandaker and A. Khotjantsev and B. Kirby and M. Kirby and J. Klein and T. Kobilarcik and S. Kohn and G. Koizumi and A. Kopylov and M. Kordosky and L. Kormos and U. Kose and A. Kostelecky and M. Kramer and I. Kreslo and R. Kriske and W. Kropp and Y. Kudenko and V. A. Kudryavtsev and S. Kulagin and A. Kumar and G. Kumar and J. Kumar and L. Kumar and T. Kutter and A. Laminack and K. Lande and C. Lane and K. Lang and F. Lanni and J. Learned and P. Lebrun and D. Lee and H. Lee and K. Lee and W. M. Lee and M. A. LeiguideOliveira and Q. Li and S. Li and S. Li and X. Li and Y. Li and Z. Li and J. Libo and C. S. Lin and S. Lin and J. Ling and J. Link and Z. Liptak and D. Lissauer and L. Littenberg and B. Littlejohn and Q. Liu and T. Liu and S. Lockwitz and N. Lockyer and T. Loew and M. Lokajicek and K. Long and M. D. L. Lopes and J. P. Lopez and J. Losecco and W. Louis and J. Lowery and M. Luethi and K. Luk and B. Lundberg and T. Lundin and X. Luo and T. Lux and J. Lykken and A. A. Machado and J. R. Macier and S. Magill and G. Mahler and K. Mahn and M. Malek and S. Malhotra and D. Malon and F. Mammoliti and S. Mancina and S. K. Mandal and S. Mandodi and S. L. Manly and A. Mann and A. Marchionni and W. Marciano and C. Mariani and J. Maricic and A. Marino and M. Marshak and C. Marshall and J. Marshall and J. Marteau and J. Martin-Albo and D. Martinez and S. Matsuno and J. Matthews and C. Mauger and K. Mavrokoridis and D. Mayilyan and E. Mazzucato and N. McCauley and E. McCluskey and N. McConkey and K. McDonald and K. S. McFarland and A. M. McGowan and C. McGrew and R. McKeown and D. McNulty and R. McTaggart and A. Mefodiev and M. Mehrian and P. Mehta and D. Mei and O. Mena and S. Menary and H. Mendez and A. Menegolli and G. Meng and Y. Meng and H. Merritt and D. Mertins and M. Messier and W. Metcalf and M. Mewes and H. Meyer and T. Miao and R. Milincic and W. Miller and G. Mills and O. Mineev and O. Miranda and C. S. Mishra and S. R. Mishra and B. Mitrica and D. Mladenov and I. Mocioiu and R. Mohanta and N. Mokhov and C. Montanari and D. Montanari and J. Moon and M. Mooney and C. Moore and J. Morfin and B. Morgan and C. Morris and W. Morse and Z. Moss and C. Mossey and C. A. Moura and J. Mousseau and L. Mualem and M. Muether and S. Mufson and S. Murphy and J. Musser and R. Musser and Y. Nakajima and D. Naples and J. Navarro and D. Navas and J. Nelson and M. Nessi and M. Newcomer and Y. Ng and R. Nichol and T. C. Nicholls and K. Nikolics and E. Niner and B. Norris and F. Noto and P. Novakova and P. Novella and J. Nowak and M. S. Nunes and H. O'Keeffe and R. Oldeman and R. Oliveira and T. Olson and Y. Onishchuk and J. Osta and T. Ovsjannikova and B. Page and S. Pakvasa and S. Pal and O. Palamara and A. Palazzo and J. Paley and C. Palomares and E. Pantic and V. Paolone and V. Papadimitriou and J. Park and S. Parke and Z. Parsa and S. Pascoli and R. Patterson and S. Patton and T. Patzak and B. Paulos and L. Paulucci and Z. Pavlovic and G. Pawloski and S. Peeters and E. Pennacchio and A. Perch and G. N. Perdue and L. Periale and J. D. Perkin and H. Pessard and G. Petrillo and R. Petti and A. Petukhov and F. Pietropaolo and R. Plunkett and S. Pordes and M. Potekhin and R. Potenza and B. Potukuchi and N. Poudyal and O. Prokofiev and N. Pruthi and P. Przewlocki and D. Pushka and X. Qian and J. L. Raaf and R. Raboanary and V. Radeka and A. Radovic and G. Raffelt and I. Rakhno and H. T. Rakotondramanana and L. Rakotondravohitra and Y. A. Ramachers and R. Rameika and J. Ramsey and A. Rappoldi and G. Raselli and P. Ratoff and B. Rebel and C. Regenfus and J. Reichenbacher and D. Reitzner and A. Remoto and A. Renshaw and S. Rescia and M. Richardson and K. Rielage and K. Riesselmann and M. Robinson and L. Rochester and O. B. Rodrigues and P. Rodrigues and B. Roe and M. Rosen and R. M. Roser and M. Ross-Lonergan and M. Rossella and A. Rubbia and C. Rubbia and R. Rucinski and C. RudolphvonRohr and B. Russell and D. Ruterbories and R. Saakyan and N. Sahu and P. Sala and N. Samios and F. Sanchez and M. Sanchez and B. Sands and S. Santana and R. Santorelli and G. Santucci and N. Saoulidou and A. Scaramelli and H. Schellman and P. Schlabach and R. Schmitt and D. Schmitz and J. Schneps and K. Scholberg and A. Schukraft and J. Schwehr and E. Segreto and S. Seibert and J. A. Sepulveda-Quiroz and F. Sergiampietri and L. Sexton-Kennedy and D. Sgalaberna and M. Shaevitz and J. Shahi and S. Shahsavarani and P. Shanahan and S. U. Shankar and R. Sharma and R. K. Sharma and T. Shaw and R. Shrock and I. Shyrma and N. Simos and G. Sinev and I. Singh and J. Singh and J. Singh and V. Singh and G. Sinnis and W. Sippach and D. Smargianaki and M. Smy and E. Snider and P. Snopok and J. Sobczyk and H. Sobel and M. Soderberg and N. Solomey and W. Sondheim and M. Sorel and A. Sousa and K. Soustruznik and J. Spitz and N. J. Spooner and M. Stancari and I. Stancu and D. Stefan and H. M. Steiner and J. Stewart and J. Stock and S. Stoica and J. Stone and J. Strait and M. Strait and T. Strauss and S. Striganov and R. Sulej and G. Sullivan and Y. Sun and L. Suter and C. M. Sutera and R. Svoboda and B. Szczerbinska and A. Szelc and S. Söldner-Rembold and R. Talaga and M. Tamsett and S. Tariq and E. Tatar and R. Tayloe and C. Taylor and D. Taylor and K. Terao and M. Thiesse and J. Thomas and L. F. Thompson and M. Thomson and C. Thorn and M. Thorpe and X. Tian and D. Tiedt and S. C. Timm and A. Tonazzo and T. Tope and A. Topkar and F. R. Torres and M. Torti and M. Tortola and F. Tortorici and M. Toups and C. Touramanis and M. Tripathi and I. Tropin and Y. Tsai and K. V. Tsang and R. Tsenov and S. Tufanli and C. Tull and J. Turner and M. Tzanov and E. Tziaferi and Y. Uchida and J. Urheim and T. Usher and M. Vagins and P. Vahle and G. A. Valdiviesso and L. Valerio and Z. Vallari and J. Valle and R. VanBerg and R. VandeWater and P. VanGemmeren and F. Varanini and G. Varner and G. Vasseur and K. Vaziri and G. Velev and S. Ventura and A. Verdugo and T. Viant and T. V. Vieira and C. Vignoli and C. Vilela and B. Viren and T. Vrba and T. Wachala and D. Wahl and M. Wallbank and N. Walsh and B. Wang and H. Wang and L. Wang and T. Wang and T. K. Warburton and D. Warner and M. Wascko and D. Waters and T. B. Watson and A. Weber and M. Weber and W. Wei and A. Weinstein and D. Wells and D. Wenman and M. Wetstein and A. White and L. Whitehead and D. Whittington and M. Wilking and J. Willhite and P. Wilson and R. J. Wilson and L. Winslow and P. Wittich and S. Wojcicki and H. H. Wong and K. Wood and E. Worcester and M. Worcester and S. Wu and T. Xin and C. Yanagisawa and S. Yang and T. Yang and K. Yarritu and J. Ye and M. Yeh and N. Yershov and K. Yonehara and B. Yu and J. Yu and J. Zalesak and A. Zalewska and B. Zamorano and L. Zang and A. Zani and A. Zani and G. Zavala and G. Zeller and C. Zhang and C. Zhang and E. D. Zimmerman and M. Zito and R. Zwaska},
  title       = {Long-Baseline Neutrino Facility (LBNF) and Deep Underground Neutrino Experiment (DUNE) Conceptual Design Report, Volume 4 The DUNE Detectors at LBNF},
  date        = {2016-01-12},
  eprint      = {http://arxiv.org/abs/1601.02984v1},
  eprintclass = {physics.ins-det},
  eprinttype  = {arXiv},
  file        = {:Acciarri2016a - Long Baseline Neutrino Facility (LBNF) and Deep Underground Neutrino Experiment (DUNE) Conceptual Design Report, Volume 4 the DUNE Detectors at LBNF.pdf:PDF},
  groups      = {DUNE},
  keywords    = {physics.ins-det, hep-ex},
}

@Article{Burguet-Castell2001,
  author       = {J. Burguet-Castell and M. B. Gavela and J. J. Gomez-Cadenas and P. Hernandez and O. Mena},
  title        = {On the measurement of leptonic CP violation},
  date         = {2001-03-23},
  doi          = {10.1016/S0550-3213(01)00248-6},
  eprint       = {http://arxiv.org/abs/hep-ph/0103258v1},
  eprintclass  = {hep-ph},
  eprinttype   = {arXiv},
  file         = {:Burguet-Castell2001 - On the Measurement of Leptonic CP Violation.pdf:PDF},
  groups       = {DUNE},
  journaltitle = {Nucl.Phys.B608:301-318,2001},
  keywords     = {hep-ph},
}

@Article{Rubbia2004,
  author      = {A. Rubbia},
  title       = {Experiments For CP-Violation: A Giant Liquid Argon Scintillation, Cerenkov And Charge Imaging Experiment ?},
  date        = {2004-02-10},
  eprint      = {http://arxiv.org/abs/hep-ph/0402110v1},
  eprintclass = {hep-ph},
  eprinttype  = {arXiv},
  file        = {:Rubbia2004 - Experiments for CP Violation a Giant Liquid Argon Scintillation, Cerenkov and Charge Imaging Experiment .pdf:PDF},
  groups      = {exp_requirement},
  keywords    = {hep-ph},
}

@Article{Bass2013,
  author       = {M. Bass and M. Bishai and D. Cherdack and M. Diwan and Z. Djurcic and J. Hernandez and B. Lundberg and V. Paolone and X. Qian and R. Rameika and L. Whitehead and R. J. Wilson and E. Worcester and G. Zeller},
  title        = {Baseline optimization for the measurement of CP violation, mass hierarchy, and theta23 octant in a long-baseline neutrino oscillation experiment},
  date         = {2013-11-01},
  doi          = {10.1103/PhysRevD.91.052015},
  eprint       = {http://arxiv.org/abs/1311.0212v3},
  eprintclass  = {hep-ex},
  eprinttype   = {arXiv},
  file         = {:Bass2013 - Baseline Optimization for the Measurement of CP Violation, Mass Hierarchy, and theta23 Octant in a Long Baseline Neutrino Oscillation Experiment.pdf:PDF},
  groups       = {exp_requirement},
  journaltitle = {Phys. Rev. D 91, 052015 (2015)},
  keywords     = {hep-ex, hep-ph},
}

@Article{Bueno2001,
  author       = {A. Bueno and M. Campanelli and S. Navas-Concha and A. Rubbia},
  title        = {On the energy and baseline optimization to study effects related to the delta-phase (CP-/T-violation) in neutrino oscillations at a Neutrino Factory},
  date         = {2001-12-21},
  doi          = {10.1016/S0550-3213(02)00211-0},
  eprint       = {http://arxiv.org/abs/hep-ph/0112297v1},
  eprintclass  = {hep-ph},
  eprinttype   = {arXiv},
  file         = {:Bueno2001 - On the Energy and Baseline Optimization to Study Effects Related to the delta Phase (CP T Violation) in Neutrino Oscillations at a Neutrino Factory.pdf:PDF},
  groups       = {exp_requirement},
  journaltitle = {Nucl.Phys.B631:239-284,2002},
  keywords     = {hep-ph},
}

@Article{Bilenky1980,
  author    = {S.M. Bilenky and B. Pontecorvo},
  title     = {Majorana and dirac masses, neutrino oscillations and the number of charged leptons},
  journal   = {Physics Letters B},
  year      = {1980},
  volume    = {95},
  number    = {2},
  pages     = {233--236},
  month     = {sep},
  doi       = {10.1016/0370-2693(80)90476-1},
  file      = {:Bilenky1980 - Majorana and Dirac Masses, Neutrino Oscillations and the Number of Charged Leptons.pdf:PDF},
  groups    = {theory},
  publisher = {Elsevier {BV}},
}

@Article{Maki1962,
  author    = {Ziro Maki and Masami Nakagawa and Shoichi Sakata},
  title     = {Remarks on the Unified Model of Elementary Particles},
  journal   = {Progress of Theoretical Physics},
  year      = {1962},
  volume    = {28},
  number    = {5},
  pages     = {870--880},
  month     = {nov},
  doi       = {10.1143/ptp.28.870},
  file      = {:Maki1962 - Remarks on the Unified Model of Elementary Particles.pdf:PDF},
  groups    = {theory},
  publisher = {Oxford University Press ({OUP})},
}

@Article{Schechter1980,
  author    = {J. Schechter and J. W. F. Valle},
  title     = {Neutrino masses in {SU}(2) x U(1) theories},
  journal   = {Physical Review D},
  year      = {1980},
  volume    = {22},
  number    = {9},
  pages     = {2227--2235},
  month     = {nov},
  doi       = {10.1103/physrevd.22.2227},
  file      = {:Schechter1980 - Neutrino Masses in SU(2) x U(1) Theories.pdf:PDF},
  groups    = {theory},
  publisher = {American Physical Society ({APS})},
}

@Article{Nunokawa2007,
  author      = {Hiroshi Nunokawa and Stephen Parke and Jose W. F. Valle},
  title       = {CP Violation and Neutrino Oscillations},
  date        = {2007-10-02},
  doi         = {10.1016/j.ppnp.2007.10.001},
  eprint      = {http://arxiv.org/abs/0710.0554v2},
  eprintclass = {hep-ph},
  eprinttype  = {arXiv},
  file        = {:Nunokawa2007 - CP Violation and Neutrino Oscillations.pdf:PDF},
  groups      = {theory},
  keywords    = {hep-ph},
}

@Article{Gribov1969,
  author    = {V. Gribov and B. Pontecorvo},
  title     = {Neutrino astronomy and lepton charge},
  journal   = {Physics Letters B},
  year      = {1969},
  volume    = {28},
  number    = {7},
  pages     = {493--496},
  month     = {jan},
  doi       = {10.1016/0370-2693(69)90525-5},
  file      = {:Gribov1969 - Neutrino Astronomy and Lepton Charge.pdf:PDF},
  groups    = {theory},
  publisher = {Elsevier {BV}},
}

@Article{Pontecorvo:1967fh,
  author       = {Pontecorvo, B.},
  title        = {{Neutrino Experiments and the Problem of Conservation of Leptonic Charge}},
  journal      = {Sov. Phys. JETP},
  year         = {1968},
  volume       = {26},
  pages        = {984-988},
  note         = {[Zh. Eksp. Teor. Fiz.53,1717(1967)]},
  file         = {:Pontecorvo1967fh - Neutrino Experiments and the Problem of Conservation of Leptonic Charge.pdf:PDF},
  groups       = {theory},
  slaccitation = {%%CITATION = SPHJA,26,984;%%},
}

@Article{Smirnov2004,
  author       = {A. Yu. Smirnov},
  title        = {The MSW effect and Matter Effects in Neutrino Oscillations},
  date         = {2004-12-27},
  doi          = {10.1088/0031-8949/2005/T121/008},
  eprint       = {http://arxiv.org/abs/hep-ph/0412391v1},
  eprintclass  = {hep-ph},
  eprinttype   = {arXiv},
  file         = {:Smirnov2004 - The MSW Effect and Matter Effects in Neutrino Oscillations.pdf:PDF},
  groups       = {theory},
  journaltitle = {Phys.Scripta T121 (2005) 57-64},
  keywords     = {hep-ph},
}

@Book{Ferrara1980,
  title     = {Unification of the Fundamental Particle Interactions},
  publisher = {Springer {US}},
  year      = {1980},
  editor    = {Sergio Ferrara and John Ellis and Peter van Nieuwenhuizen},
  doi       = {10.1007/978-1-4613-3171-1},
  file      = {:Unification of the fundamental particle interactions.pdf:PDF},
  groups    = {theory},
}

@Article{Steigman2007,
  author    = {Gary Steigman},
  title     = {Primordial Nucleosynthesis in the Precision Cosmology Era},
  journal   = {Annual Review of Nuclear and Particle Science},
  year      = {2007},
  volume    = {57},
  number    = {1},
  pages     = {463--491},
  month     = {nov},
  doi       = {10.1146/annurev.nucl.56.080805.140437},
  file      = {:Steigman2007 - Primordial Nucleosynthesis in the Precision Cosmology Era.pdf:PDF},
  groups    = {theory},
  publisher = {Annual Reviews},
}

@Article{Cennini1999,
  author    = {P Cennini and J.P Revol and C Rubbia and F Sergiampietri and A Bueno and M Campanelli and P Goudsmit and A Rubbia and L Periale and S Suzuki and C Chen and Y Chen and K He and X Huang and Z Li and F Lu and J Ma and G Xu and Z Xu and C Zhang and Q Zhang and S Zheng and F Cavanna and D Mazza and G.Piano Mortari and S Petrera and C Rossi and G Mannocchi and P Picchi and F Arneodo and I.De Mitri and O Palamara and D Cavalli and A Ferrari and P Sala and A.Borio di Tigliole and A Cesana and M Terrani and C Zavattari and S Baibussinov and A Bettini and C Carpanese and S Centro and D Favaretto and D Pascoli and A Pepato and F Pietropaolo and S Ventura and P Benetti and E Calligarich and S Campo and S Coco and R Dolfini and B Ghedi and A.Gigli Berzolari and F Mauri and L Mazzone and C Montanari and A Piazzoli and A Rappoldi and G.L Raselli and D Rebuzzi and M Rossella and D Scannicchio and P Torre and C Vignoli and D Cline and S Otwinowski and H Wang and J Woo},
  title     = {Detection of scintillation light in coincidence with ionizing tracks in a liquid argon time projection chamber},
  journal   = {Nuclear Instruments and Methods in Physics Research Section A: Accelerators, Spectrometers, Detectors and Associated Equipment},
  year      = {1999},
  volume    = {432},
  number    = {2-3},
  pages     = {240--248},
  month     = {aug},
  doi       = {10.1016/s0168-9002(99)00519-7},
  file      = {:Cennini1999 - Detection of Scintillation Light in Coincidence with Ionizing Tracks in a Liquid Argon Time Projection Chamber.pdf:PDF},
  groups    = {TPCs},
  publisher = {Elsevier {BV}},
}

@Article{Badertscher2013,
  author      = {A. Badertscher and A. Curioni and U. Degunda and L. Epprecht and A. Gendotti and S. Horikawa and L. Knecht and D. Lussi G. Natterer and K. Nguyen and F. Resnati and A. Rubbia and T. Viant},
  title       = {First operation and performance of a 200 lt double phase LAr LEM-TPC with a 40x76 cm^2 readout},
  date        = {2013-01-21},
  doi         = {10.1088/1748-0221/8/04/P04012},
  eprint      = {http://arxiv.org/abs/1301.4817v1},
  eprintclass = {physics.ins-det},
  eprinttype  = {arXiv},
  file        = {:Badertscher2013 - First Operation and Performance of a 200 Lt Double Phase LAr LEM TPC with a 40x76 Cm^2 Readout.pdf:PDF},
  groups      = {TPCs},
  keywords    = {physics.ins-det, hep-ex},
}

@Article{Aoyama1985,
  author    = {Takahiko Aoyama},
  title     = {Generalized gas gain formula for proportional counters},
  journal   = {Nuclear Instruments and Methods in Physics Research Section A: Accelerators, Spectrometers, Detectors and Associated Equipment},
  year      = {1985},
  volume    = {234},
  number    = {1},
  pages     = {125--131},
  month     = {jan},
  doi       = {10.1016/0168-9002(85)90817-4},
  file      = {:Aoyama1985 - Generalized Gas Gain Formula for Proportional Counters.pdf:PDF},
  groups    = {TPCs},
  publisher = {Elsevier {BV}},
}

@Article{Agresti2017,
  author      = {Antonio Agresti and Daniele Andreucci and Paola Loreti},
  title       = {Alternating and Variable Controls},
  date        = {2017-12-03},
  eprint      = {http://arxiv.org/abs/1712.00797v3},
  eprintclass = {math.OC},
  eprinttype  = {arXiv},
  file        = {:Agresti2017 - Alternating and Variable Controls.pdf:PDF},
  groups      = {TPCs},
  keywords    = {math.OC, 93B07 (Primary) 93B05 (Secondary)},
}

@Article{2017,
  author       = {MicroBooNE collaboration and R. Acciarri and C. Adams and R. An and J. Anthony and J. Asaadi and M. Auger and L. Bagby and S. Balasubramanian and B. Baller and C. Barnes and G. Barr and M. Bass and F. Bay and M. Bishai and A. Blake and T. Bolton and L. Bugel and L. Camilleri and D. Caratelli and B. Carls and R. Castillo Fernandez and F. Cavanna and H. Chen and E. Church and D. Cianci and E. Cohen and G. H. Collin and J. M. Conrad and M. Convery and J. I. Crespo-Anadon and M. Del Tutto and D. Devitt and S. Dytman and B. Eberly and A. Ereditato and L. Escudero Sanchez and J. Esquivel and B. T. Fleming and W. Foreman and A. P. Furmanski and D. Garcia-Gamez and G. T. Garvey and V. Genty and D. Goeldi and S. Gollapinni and N. Graf and E. Gramellini and H. Greenlee and R. Grosso and R. Guenette and A. Hackenburg and P. Hamilton and O. Hen and J. Hewes and C. Hill and J. Ho and G. Horton-Smith and E. -C. Huang and C. James and J. Jan de Vries and C. -M. Jen and L. Jiang and R. A. Johnson and J. Joshi and H. Jostlein and D. Kaleko and G. Karagiorgi and W. Ketchum and B. Kirby and M. Kirby and T. Kobilarcik and I. Kreslo and A. Laube and Y. Li and A. Lister and B. R. Littlejohn and S. Lockwitz and D. Lorca and W. C. Louis and M. Luethi and B. Lundberg and X. Luo and A. Marchionni and C. Mariani and J. Marshall and D. A. Martinez Caicedo and V. Meddage and T. Miceli and G. B. Mills and J. Moon and M. Mooney and C. D. Moore and J. Mousseau and R. Murrells and D. Naples and P. Nienaber and J. Nowak and O. Palamara and V. Paolone and V. Papavassiliou and S. F. Pate and Z. Pavlovic and E. Piasetzky and D. Porzio and G. Pulliam and X. Qian and J. L. Raaf and A. Rafique and L. Rochester and C. Rudolf von Rohr and B. Russell and D. W. Schmitz and A. Schukraft and W. Seligman and M. H. Shaevitz and J. Sinclair and E. L. Snider and M. Soderberg and S. Soldner-Rembold and S. R. Soleti and P. Spentzouris and J. Spitz and J. St. John and T. Strauss and K. A. Sutton and A. M. Szelc and N. Tagg and K. Terao and M. Thomson and M. Toups and Y. -T. Tsai and S. Tufanli and T. Usher and R. G. Van de Water and B. Viren and M. Weber and D. A. Wickremasinghe and S. Wolbers and T. Wongjirad and K. Woodruff and T. Yang and L. Yates and G. P. Zeller and J. Zennamo and C. Zhang},
  title        = {Michel Electron Reconstruction Using Cosmic-Ray Data from the MicroBooNE LArTPC},
  date         = {2017-04-10},
  doi          = {10.1088/1748-0221/12/09/P09014},
  eprint       = {http://arxiv.org/abs/1704.02927v2},
  eprintclass  = {physics.ins-det},
  eprinttype   = {arXiv},
  file         = {:2017 - Michel Electron Reconstruction Using Cosmic Ray Data from the MicroBooNE LArTPC.pdf:PDF},
  groups       = {TPCs},
  journaltitle = {JINST 12 P09014 (2017)},
  keywords     = {physics.ins-det, hep-ex},
}

@Article{Ossa2007,
  author      = {A. Martinez de la Ossa},
  title       = {Study of accelerator neutrino interactions in a liquid argon TPC},
  date        = {2007-03-16},
  eprint      = {http://arxiv.org/abs/hep-ex/0703026v1},
  eprintclass = {hep-ex},
  eprinttype  = {arXiv},
  file        = {:Ossa2007 - Study of Accelerator Neutrino Interactions in a Liquid Argon TPC.pdf:PDF},
  groups      = {TPCs},
  keywords    = {hep-ex},
}

@Article{Manenti2017,
  author      = {Laura Manenti},
  title       = {ProtoDUNEs},
  date        = {2017-05-16},
  eprint      = {http://arxiv.org/abs/1705.05669v2},
  eprintclass = {physics.ins-det},
  eprinttype  = {arXiv},
  file        = {:Manenti2017 - ProtoDUNEs.pdf:PDF},
  groups      = {WA105},
  keywords    = {physics.ins-det},
}

@Article{Agostino2014,
  author      = {L. Agostino and B. Andrieu and R. Asfandiyarov and D. Autiero and O. Bésida and F. Bay and R. Bayes and A. M. Blebea-Apostu and A. Blondel and M. Bogomilov and S. Bolognesi and S. Bordoni and A. Bravar and M. Buizza-Avanzini and F. Cadoux and D. Caiulo and M. Calin and M. Campanelli and C. Cantini and L. Chaussard and D. Chesneanu and N. Colino and P. Crivelli and I. De Bonis and Y. Déclais and J. Dawson and C. De La Taille and P. Del Amo Sanchez and A. Delbart and S. Di Luise and D. Duchesneau and F. Dulucq and J. Dumarchez and I. Efthymiopoulos and S. Emery and T. Enqvist and L. Epprecht and T. Esanu and D. Franco and D. Franco and M. Friend and V. Galymov and A. Gendotti and C. Giganti and I. Gil-Botella and M. C Gomoiu and P. Gorodetzky and A. Haesler and T. Hasegawa and S. Horikawa and M. Ieva and A. Jipa and Y. Karadzhov and I. Karpikov and A. Khotjantsev and A. Korzenev and D. Kryn and Y. Kudenko and P. Kuusiniemi and I. Lazanu and J. -M. Levy and K. Loo and T. Lux and J. Maalampi and R. M. Margineanu and J. Marteau and C. Martin and G. Martin-Chassard and E. Mazzucato and A. Mefodiev and O. Mineev and B. Mitrica and S. Murphy and T. Nakadaira and M. Nessi and K. Nikolics and L. Nita and E. Noah and P. Novella and G. A. Nuijten and T. Ovsiannikova and C. Palomares and T. Patzak and E. Pennacchio and L. Periale and H. Pessard and B. Popov and M. Ravonel and M. Rayner and C. Regenfus and C. Ristea and O. Ristea and A. Robert and A. Rubbia and K. Sakashita and F. Sanchez and R. Santorelli and E. Scantamburlo and F. Sergiampietri and D. Sgalaberna and M. Slupecki and F. J. P. Soler and D. L. Stanca and A. Tonazzo and W. H. Trzaska and R. Tsenov and G. Vankova-Kirilova and F. Vannucci and G. Vasseur and A. Verdugo and T. Viant and S. Wu and N. Yershov and L. Zambelli and M. Zito},
  title       = {LBNO-DEMO: Large-scale neutrino detector demonstrators for phased performance assessment in view of a long-baseline oscillation experiment},
  date        = {2014-09-14},
  eprint      = {http://arxiv.org/abs/1409.4405v1},
  eprintclass = {physics.ins-det},
  eprinttype  = {arXiv},
  file        = {:Agostino2014 - LBNO DEMO Large Scale Neutrino Detector Demonstrators for Phased Performance Assessment in View of a Long Baseline Oscillation Experiment.pdf:PDF},
  groups      = {WA105},
  keywords    = {physics.ins-det, hep-ex},
}

@Article{Aimard2018,
  author      = {B. Aimard and L. Aizawa and Ch. Alt and J. Asaadi and M. Auger and V. Aushev and D. Autiero and M. M. Badoi and A. Balaceanu and G. Balik and L. Balleyguier and E. Bechetoille and D. Belver and A. M. Blebea-Apostu and S. Bolognesi and S. Bordoni and N. Bourgeois and B. Bourguille and J. Bremer and G. Brown and G. Brunetti and D. Caiulo and M. Calin and E. Calvo and M. Campanelli and K. Cankocak and C. Cantini and B. Carlus and B. M. Cautisanu and M. Chalifour and A. Chappuis and N. Charitonidis and A. Chatterjee and A. Chiriacescuf and P. Chiu and S. Conforti and Ph. Cotte and P. Crivelli and C. Cuesta and J. Dawson and I. De Bonis and C. De La Taille and A. Delbart and D. Desforge and S. Di Luise and B. S. Dimitru and F. Doizon and C. Drancourt and D. Duchesneau and F. Dulucq and J. Dumarchez and F. Duval and S. Emery and A. Ereditato and T. Esanu and A. Falcone and K. Fusshoeller and A. Gallego-Ros and V. Galymov and N. Geffroy and A. Gendotti and M. Gherghel-Lascu and C. Giganti and I. Gil-Botella and C. Girerd and M. C. Gomoiu and P. Gorodetzky and E. Hamada and R. Hanni and T. Hasegawa and A. Holin and S. Horikawa and M. Ikeno and S. Jimenez and A. Jipa and M. Karolak and Y. Karyotakis and S. Kasai and K. Kasami and T. Kishishita and H. Konari and I. Kreslo and D. Kryn and M. Kurokawa and Y. Kuromori and C. Lastoria and I. Lazanu and G. Lehmann-Miotto and N. Lira and K. Loo and D. Lorca and P. Lutz and T. Lux and J. Maalampi and G. Maire and M. Maki and L. Manenti and R. M. Margineanu and J. Marteau and G. Martin-Chassard and H. Mathez and E. Mazzucato and G. Misitano and B. Mitrica and D. Mladenov and L. Molina Bueno and J. Ph. Mols and T. S. Mosu and W. Mu and A. Munteanu and S. Murphy and K. Nakayoshi and S. Narita and D. Navas-Nicolas and K. Negishi and M. Nessi and M. Niculescu-Oglinzanu and L. Nita and F. Noto and A. Noury and Y. Onishchuk and C. Palomares and M. Parvuf and T. Patzak and Y. Penichot and E. Pennacchio and L. Periale and H. Pessard and F. Pietropaolo and Y. Piret and B. Popov and D. Pugnere and B. Radics and D. Redondo and C. Regenfus and A. Remoto and F. Resnati and C. Ristea and A. Rubbia and A. Saftoiu and K. Sakashita and F. Sanchez and C. Santos and A. Scarpelli and C. Schloesser and L. Scotto Lavina and K. Sendai and F. Sergiampietri and S. Shahsavarani and M. Shoji and J. Sinclair and J. Soto-Oton and D. L. Stanca and D. Stefan and P. Stroescu and R. Sulej and M. Tanaka and V. Toboaru and A. Tonazzo and W. Tromeur and W. H. Trzaska and T. Uchida and F. Vannucci and G. Vasseur and A. Verdugo and T. Viant and S. Vihonen and S. Vilalte and M. Weber and S. Wu and J. Yu and L. Zambelli and M. Zito},
  title       = {A 4 tonne demonstrator for large-scale dual-phase liquid argon time projection chambers},
  date        = {2018-06-08},
  eprint      = {http://arxiv.org/abs/1806.03317v2},
  eprintclass = {physics.ins-det},
  eprinttype  = {arXiv},
  file        = {:Aimard2018 - A 4 Tonne Demonstrator for Large Scale Dual Phase Liquid Argon Time Projection Chambers.pdf:PDF},
  groups      = {WA105},
  keywords    = {physics.ins-det, hep-ex},
}

@Article{Murphy2016,
  author      = {Sebastien Murphy and for the WA105 collaboration},
  title       = {The WA105-3x1x1 m3 dual phase LAr-TPC demonstrator},
  date        = {2016-11-17},
  eprint      = {http://arxiv.org/abs/1611.05846v1},
  eprintclass = {physics.ins-det},
  eprinttype  = {arXiv},
  file        = {:Murphy2016 - The WA105 3x1x1 M3 Dual Phase LAr TPC Demonstrator.pdf:PDF},
  groups      = {WA105},
  keywords    = {physics.ins-det},
}

@Article{Kesidis1999,
  author    = {A.L. Kesidis and N. Papamarkos},
  title     = {On the inverse Hough transform},
  journal   = {{IEEE} Transactions on Pattern Analysis and Machine Intelligence},
  year      = {1999},
  volume    = {21},
  number    = {12},
  pages     = {1329--1343},
  doi       = {10.1109/34.817411},
  file      = {:Kesidis1999 - On the Inverse Hough Transform.pdf:PDF},
  groups    = {Hough transform},
  publisher = {Institute of Electrical and Electronics Engineers ({IEEE})},
}

@Misc{patent:3069654,
  author = {Hough V, Paul C.},
  title  = {Method and means for recognizing complex patterns},
  month  = {December},
  year   = {1962},
  file   = {:patent3069654 - Method and Means for Recognizing Complex Patterns.pdf:PDF},
  groups = {Hough transform},
  number = {3069654},
  url    = {http://www.freepatentsonline.com/3069654.html},
}

@Article{Duda1972,
  author    = {Richard O. Duda and Peter E. Hart},
  title     = {Use of the Hough transformation to detect lines and curves in pictures},
  journal   = {Communications of the {ACM}},
  year      = {1972},
  volume    = {15},
  number    = {1},
  pages     = {11--15},
  month     = {jan},
  doi       = {10.1145/361237.361242},
  file      = {:Duda1972 - Use of the Hough Transformation to Detect Lines and Curves in Pictures.pdf:PDF},
  groups    = {Hough transform},
  publisher = {Association for Computing Machinery ({ACM})},
}

@Article{Cantini2013,
  author      = {C. Cantini and L. Epprecht and A. Gendotti and S. Horikawa and S. Murphy and G. Natterer and L. Periale and F. Resnati and A. Rubbia and F. Sergiampietri and T. Viant and S. Wu},
  title       = {Long-term operation of a double phase LAr LEM Time Projection Chamber with a simplified anode and extraction-grid design},
  date        = {2013-12-23},
  doi         = {10.1088/1748-0221/9/03/P03017},
  eprint      = {http://arxiv.org/abs/1312.6487v1},
  eprintclass = {physics.ins-det},
  eprinttype  = {arXiv},
  file        = {:Cantini2013 - Long Term Operation of a Double Phase LAr LEM Time Projection Chamber with a Simplified Anode and Extraction Grid Design.pdf:PDF},
  groups      = {DLArTPC},
  keywords    = {physics.ins-det},
}

@Article{Badertscher2008,
  author      = {A. Badertscher and L. Knecht and M. Laffranchi and A. Marchionni and G. Natterer and P. Otiougova and F. Resnati and A. Rubbia},
  title       = {Construction and operation of a Double Phase LAr Large Electron Multiplier Time Projection Chamber},
  date        = {2008-11-20},
  eprint      = {http://arxiv.org/abs/0811.3384v1},
  eprintclass = {physics.ins-det},
  eprinttype  = {arXiv},
  file        = {:Badertscher2008 - Construction and Operation of a Double Phase LAr Large Electron Multiplier Time Projection Chamber.pdf:PDF},
  groups      = {DLArTPC},
  keywords    = {physics.ins-det},
}

@Article{Badertscher2010,
  author       = {A. Badertscher and A. Curioni and S. Horikawa and L. Knecht and D. Lussi and A. Marchionni and G. Natterer and F. Resnati and A. Rubbia and T. Viant},
  title        = {Stable operation with gain of a double phase Liquid Argon LEM-TPC with a 1 mm thick segmented LEM},
  date         = {2010-10-12},
  doi          = {10.1088/1742-6596/308/1/012016},
  eprint       = {http://arxiv.org/abs/1010.2482v1},
  eprintclass  = {physics.ins-det},
  eprinttype   = {arXiv},
  file         = {:Badertscher2010 - Stable Operation with Gain of a Double Phase Liquid Argon LEM TPC with a 1 Mm Thick Segmented LEM.pdf:PDF},
  groups       = {DLArTPC},
  journaltitle = {J.Phys.Conf.Ser.308:012016,2011},
  keywords     = {physics.ins-det},
}

@Article{Buzulutskov2011,
  author       = {A. Buzulutskov},
  title        = {Advances in Cryogenic Avalanche Detectors},
  date         = {2011-12-28},
  doi          = {10.1088/1748-0221/7/02/C02025},
  eprint       = {http://arxiv.org/abs/1112.6153v2},
  eprintclass  = {physics.ins-det},
  eprinttype   = {arXiv},
  file         = {:Buzulutskov2011 - Advances in Cryogenic Avalanche Detectors.pdf:PDF},
  groups       = {DLArTPC},
  journaltitle = {JINST 7:C02025,2012},
  keywords     = {physics.ins-det, hep-ex, nucl-ex},
}

@Article{Breskin2008,
  author       = {A. Breskin and R. Alon and M. Cortesi and R. Chechik and J. Miyamoto and V. Dangendorf and J. Maia and J. M. F. Dos Santos},
  title        = {A concise review on THGEM detectors},
  date         = {2008-07-13},
  doi          = {10.1016/j.nima.2008.08.062},
  eprint       = {http://arxiv.org/abs/0807.2026v1},
  eprintclass  = {physics.ins-det},
  eprinttype   = {arXiv},
  file         = {:Breskin2008 - A Concise Review on THGEM Detectors.pdf:PDF},
  groups       = {DLArTPC, LEM},
  journaltitle = {Nucl.Instrum.Meth.A598:107-111,2009},
  keywords     = {physics.ins-det},
}

@Article{Buzulutskov2000,
  author    = {A. Buzulutskov and A. Breskin and R. Chechik and G. Garty and F. Sauli and L. Shekhtman},
  title     = {The {GEM} photomultiplier operated with noble gas mixtures},
  journal   = {Nuclear Instruments and Methods in Physics Research Section A: Accelerators, Spectrometers, Detectors and Associated Equipment},
  year      = {2000},
  volume    = {443},
  number    = {1},
  pages     = {164--180},
  month     = {mar},
  doi       = {10.1016/s0168-9002(99)01011-6},
  file      = {:Buzulutskov2000 - The GEM Photomultiplier Operated with Noble Gas Mixtures.pdf:PDF},
  groups    = {DLArTPC, LEM},
  publisher = {Elsevier {BV}},
}

@Article{Diwan2016,
  author       = {M. V. Diwan and V. Galymov and X. Qian and A. Rubbia},
  title        = {Long-Baseline Neutrino Experiments},
  date         = {2016-08-22},
  doi          = {10.1146/annurev-nucl-102014-021939},
  eprint       = {http://arxiv.org/abs/1608.06237v1},
  eprintclass  = {hep-ex},
  eprinttype   = {arXiv},
  file         = {:Diwan2016 - Long Baseline Neutrino Experiments.pdf:PDF},
  groups       = {DUNE},
  journaltitle = {Annu. Rev. Nucl. Par. Sci. 66, 47-71 (2016)},
  keywords     = {hep-ex, nucl-ex},
}

@Misc{Suter2016,
  author       = {Lousie Suter},
  title        = {Accelerator neutrino experiments},
  howpublished = {Talk at Conference on Flavor Physics and CP Violation 2016},
  month        = {June},
  year         = {2016},
  file         = {:Suter2016 - Accelerator Neutrino Experiments.pdf:PDF},
  groups       = {DUNE},
}

@PhdThesis{Lussi2013,
  author    = {Lussi, Devis},
  title     = {Study of the response of the novel LAr LEM-TPC detector exposed to cosmic rays and a charged particle beam},
  year      = {2013},
  doi       = {10.3929/ethz-a-010008070},
  file      = {:Lussi2013 - Study of the Response of the Novel LAr LEM TPC Detector Exposed to Cosmic Rays and a Charged Particle Beam.pdf:PDF},
  groups    = {DLArTPC},
  keywords  = {KOSMISCHE STRAHLUNG (ASTRONOMIE), KALORIMETRIE IN DER HOCHENERGIEPHYSIK, STRAHLEN + STRAHLENBÜNDEL VON ELEMENTARTEILCHEN (TEILCHENPHYSIK), ELEMENTARY-PARTICLE BEAMS (PARTICLE PHYSICS), NUCLEAR INSTRUMENTS AND DETECTION METHODS, KERNPHYSIKALISCHE INSTRUMENTE UND NACHWEISMETHODEN, info:eu-repo/classification/ddc/530, CALORIMETRY IN HIGH ENERGY PHYSICS, COSMIC RAYS (ASTRONOMY), Physics},
  language  = {en},
  publisher = {ETH Zurich},
}

@Article{Monteiro2012,
  author    = {C.M.B. Monteiro and L.M.P. Fernandes and J.F.C.A. Veloso and C.A.B. Oliveira and J.M.F. dos Santos},
  title     = {Secondary scintillation yield from {GEM} and {THGEM} gaseous electron multipliers for direct dark matter search},
  journal   = {Physics Letters B},
  year      = {2012},
  volume    = {714},
  number    = {1},
  pages     = {18--23},
  month     = {jul},
  doi       = {10.1016/j.physletb.2012.06.066},
  file      = {:Monteiro2012 - Secondary Scintillation Yield from GEM and THGEM Gaseous Electron Multipliers for Direct Dark Matter Search.pdf:PDF},
  groups    = {Argon},
  publisher = {Elsevier {BV}},
}

@Misc{CRPdesign,
  author = {B. Aimard and N.Allemandou and M. Cailles and G.Deleglise and D. Duchesneau and N. Geffroy and Y.Karyotakis and T. Yildizkaya},
  title  = {{WA105/ProtoDUNE-DP Charge Readout Plane design}},
  month  = {april},
  year   = {2017},
  note   = {Talk at "Design Review of the Dual Phase ProtoDUNE" meeting, 24-25 ap. 2017},
  file   = {:- WA105ProtoDUNE DP Charge Readout Plane Design.pdf:PDF},
  groups = {CRP},
}

@TechReport{G10report,
  author      = {L. DUFAY and J.BREMER},
  title       = {{Mesure de la contraction thermique d’échantillon en G10}},
  institution = {CERN},
  year        = {2005},
  month       = {april},
  file        = {:G10report - Mesure De La Contraction Thermique D’échantillon En G10.pdf:PDF},
  groups      = {CRP},
}

@Misc{procedureLEM,
  author = {M.Karolak},
  file   = {:procedureLEM -.pdf:PDF},
}

@Misc{lemcahiercharge,
  author = {A.Delbart and E.Mazzucato},
  file   = {:lemcahiercharge -.pdf:PDF},
  groups = {LEM},
}

@Booklet{garfield,
  title  = {{Garfield++ User Guide}},
  author = {H. Schindler},
  month  = {February},
  year   = {2017},
  note   = {https://garfieldpp.web.cern.ch/garfieldpp/documentation/UserGuide.pdf},
  file   = {:garfield - Garfield++ User Guide.pdf:PDF},
  groups = {Software},
}

@PhdThesis{Caiulo2017,
  author = {Davide Caiulo},
  title  = {{Charge readout analysis in Liquid Argon Time Projection Chambers for neutrino and astro-particle physics}},
  school = {Université Claude Bernard Lyon 1},
  year   = {2017},
  file   = {:Caiulo2017 - Charge Readout Analysis in Liquid Argon Time Projection Chambers for Neutrino and Astro Particle Physics.pdf:PDF},
  groups = {Software},
  url    = {https://tel.archives-ouvertes.fr/tel-01578565/document},
}

@Article{pdg2018,
  author    = {Tanabashi, M. and Hagiwara, K. and Hikasa, K. and Nakamura, K. and Sumino, Y. and Takahashi, F. and Tanaka, J. and Agashe, K. and Aielli, G. and Amsler, C. and Antonelli, M. and Asner, D. M. and Baer, H. and Banerjee, Sw. and Barnett, R. M. and Basaglia, T. and Bauer, C. W. and Beatty, J. J. and Belousov, V. I. and Beringer, J. and Bethke, S. and Bettini, A. and Bichsel, H. and Biebel, O. and Black, K. M. and Blucher, E. and Buchmuller, O. and Burkert, V. and Bychkov, M. A. and Cahn, R. N. and Carena, M. and Ceccucci, A. and Cerri, A. and Chakraborty, D. and Chen, M.-C. and Chivukula, R. S. and Cowan, G. and Dahl, O. and D'Ambrosio, G. and Damour, T. and de Florian, D. and de Gouv\^ea, A. and DeGrand, T. and de Jong, P. and Dissertori, G. and Dobrescu, B. A. and D'Onofrio, M. and Doser, M. and Drees, M. and Dreiner, H. K. and Dwyer, D. A. and Eerola, P. and Eidelman, S. and Ellis, J. and Erler, J. and Ezhela, V. V. and Fetscher, W. and Fields, B. D. and Firestone, R. and Foster, B. and Freitas, A. and Gallagher, H. and Garren, L. and Gerber, H.-J. and Gerbier, G. and Gershon, T. and Gershtein, Y. and Gherghetta, T. and Godizov, A. A. and Goodman, M. and Grab, C. and Gritsan, A. V. and Grojean, C. and Groom, D. E. and Gr\"unewald, M. and Gurtu, A. and Gutsche, T. and Haber, H. E. and Hanhart, C. and Hashimoto, S. and Hayato, Y. and Hayes, K. G. and Hebecker, A. and Heinemeyer, S. and Heltsley, B. and Hern\'andez-Rey, J. J. and Hisano, J. and H\"ocker, A. and Holder, J. and Holtkamp, A. and Hyodo, T. and Irwin, K. D. and Johnson, K. F. and Kado, M. and Karliner, M. and Katz, U. F. and Klein, S. R. and Klempt, E. and Kowalewski, R. V. and Krauss, F. and Kreps, M. and Krusche, B. and Kuyanov, Yu. V. and Kwon, Y. and Lahav, O. and Laiho, J. and Lesgourgues, J. and Liddle, A. and Ligeti, Z. and Lin, C.-J. and Lippmann, C. and Liss, T. M. and Littenberg, L. and Lugovsky, K. S. and Lugovsky, S. B. and Lusiani, A. and Makida, Y. and Maltoni, F. and Mannel, T. and Manohar, A. V. and Marciano, W. J. and Martin, A. D. and Masoni, A. and Matthews, J. and Mei\ss{}ner, U.-G. and Milstead, D. and Mitchell, R. E. and M\"onig, K. and Molaro, P. and Moortgat, F. and Moskovic, M. and Murayama, H. and Narain, M. and Nason, P. and Navas, S. and Neubert, M. and Nevski, P. and Nir, Y. and Olive, K. A. and Pagan Griso, S. and Parsons, J. and Patrignani, C. and Peacock, J. A. and Pennington, M. and Petcov, S. T. and Petrov, V. A. and Pianori, E. and Piepke, A. and Pomarol, A. and Quadt, A. and Rademacker, J. and Raffelt, G. and Ratcliff, B. N. and Richardson, P. and Ringwald, A. and Roesler, S. and Rolli, S. and Romaniouk, A. and Rosenberg, L. J. and Rosner, J. L. and Rybka, G. and Ryutin, R. A. and Sachrajda, C. T. and Sakai, Y. and Salam, G. P. and Sarkar, S. and Sauli, F. and Schneider, O. and Scholberg, K. and Schwartz, A. J. and Scott, D. and Sharma, V. and Sharpe, S. R. and Shutt, T. and Silari, M. and Sj\"ostrand, T. and Skands, P. and Skwarnicki, T. and Smith, J. G. and Smoot, G. F. and Spanier, S. and Spieler, H. and Spiering, C. and Stahl, A. and Stone, S. L. and Sumiyoshi, T. and Syphers, M. J. and Terashi, K. and Terning, J. and Thoma, U. and Thorne, R. S. and Tiator, L. and Titov, M. and Tkachenko, N. P. and T\"ornqvist, N. A. and Tovey, D. R. and Valencia, G. and Van de Water, R. and Varelas, N. and Venanzoni, G. and Verde, L. and Vincter, M. G. and Vogel, P. and Vogt, A. and Wakely, S. P. and Walkowiak, W. and Walter, C. W. and Wands, D. and Ward, D. R. and Wascko, M. O. and Weiglein, G. and Weinberg, D. H. and Weinberg, E. J. and White, M. and Wiencke, L. R. and Willocq, S. and Wohl, C. G. and Womersley, J. and Woody, C. L. and Workman, R. L. and Yao, W.-M. and Zeller, G. P. and Zenin, O. V. and Zhu, R.-Y. and Zhu, S.-L. and Zimmermann, F. and Zyla, P. A. and Anderson, J. and Fuller, L. and Lugovsky, V. S. and Schaffner, P.},
  title     = {{Review of Particle Physics}},
  journal   = {Physical Review D},
  year      = {2018},
  volume    = {98},
  number    = {3},
  month     = {aug},
  doi       = {10.1103/physrevd.98.030001},
  file      = {:pdg2018 - Review of Particle Physics.pdf:PDF},
  groups    = {theory},
  publisher = {American Physical Society ({APS})},
}

@Article{WA1052017,
  author = {B. Aimard, CERN. Geneva. SPS and PS Experiments Committee},
  title  = {{Yearly progress report on WA105/ProtoDUNE dual-phase (2017)}},
  year   = {2017},
  file   = {:WA1052017 - Yearly Progress Report on WA105ProtoDUNE Dual Phase (2017).pdf:PDF},
  groups = {WA105},
}

@Article{Wolfenstein1978,
  author    = {L. Wolfenstein},
  title     = {Neutrino oscillations in matter},
  journal   = {Physical Review D},
  year      = {1978},
  volume    = {17},
  number    = {9},
  pages     = {2369--2374},
  month     = {may},
  doi       = {10.1103/physrevd.17.2369},
  file      = {:Wolfenstein1978 - Neutrino Oscillations in Matter.pdf:PDF},
  groups    = {theory},
  publisher = {American Physical Society ({APS})},
}

@Article{Mikheyev1986,
  author    = {S. P. Mikheyev and A. Yu. Smirnov},
  title     = {Resonant amplification of upnu oscillations in matter and solar-neutrino spectroscopy},
  journal   = {Il Nuovo Cimento C},
  year      = {1986},
  volume    = {9},
  number    = {1},
  pages     = {17--26},
  month     = {jan},
  doi       = {10.1007/bf02508049},
  file      = {:Mikheyev1986 - Resonant Amplification of Oscillations in Matter and Solar Neutrino Spectroscopy.pdf:PDF},
  groups    = {theory},
  publisher = {Springer Nature},
}

@Article{Marciano2006,
  author      = {William Marciano and Zohreh Parsa},
  title       = {Intense Neutrino Beams and Leptonic CP Violation},
  date        = {2006-10-19},
  eprint      = {http://arxiv.org/abs/hep-ph/0610258v1},
  eprintclass = {hep-ph},
  eprinttype  = {arXiv},
  file        = {:Marciano2006 - Intense Neutrino Beams and Leptonic CP Violation.pdf:PDF},
  groups      = {theory, beam},
  keywords    = {hep-ph},
}

@Article{Sousa2011,
  author      = {Alexandre Sousa},
  title       = {Long-Baseline Neutrino Oscillation Experiments},
  date        = {2011-02-06},
  eprint      = {http://arxiv.org/abs/1102.1125v2},
  eprintclass = {hep-ex},
  eprinttype  = {arXiv},
  file        = {:Sousa2011 - Long Baseline Neutrino Oscillation Experiments.pdf:PDF},
  groups      = {DUNE},
  keywords    = {hep-ex},
}

@Article{McDonald2001,
  author      = {Kirk T McDonald},
  title       = {An Off-Axis Neutrino Beam},
  date        = {2001-11-09},
  eprint      = {http://arxiv.org/abs/hep-ex/0111033v1},
  eprintclass = {hep-ex},
  eprinttype  = {arXiv},
  file        = {:McDonald2001 - An off Axis Neutrino Beam.pdf:PDF},
  groups      = {DUNE, theory, beam},
  keywords    = {hep-ex},
}

@Article{Bogomilov2014,
  author    = {M. Bogomilov and R. Matev and R. Tsenov and M. Dracos and M. Bonesini and V. Palladino and L. Tortora and Y. Mori and T. Planche and J.{\hspace{0.167em}}B. Lagrange and Y. Kuno and E. Benedetto and I. Efthymiopoulos and R. Garoby and S. Gilardoini and M. Martini and E. Wildner and G. Prior and A. Blondel and Y. Karadzhow and M. Ellis and P. Kyberd and R. Bayes and A. Laing and F.{\hspace{0.167em}}J.{\hspace{0.167em}}P. Soler and A. Alekou and M. Apollonio and M. Aslaninejad and C. Bontoiu and L.{\hspace{0.167em}}J. Jenner and A. Kurup and K. Long and J. Pasternak and A. Zarrebini and J. Poslimski and V. Blackmore and J. Cobb and C. Tunnell and C. Andreopoulos and J.{\hspace{0.167em}}R.{\hspace{0.167em}}J. Bennett and S. Brooks and O. Caretta and T. Davenne and C. Densham and T.{\hspace{0.167em}}R. Edgecock and M. Fitton and D. Kelliher and P. Loveridge and A. McFarland and S. Machida and C. Prior and G. Rees and C. Rogers and M. Rooney and J. Thomason and D. Wilcox and C. Booth and G. Skoro and J.{\hspace{0.167em}}J. Back and P. Harrison and J.{\hspace{0.167em}}S. Berg and R. Fernow and J.{\hspace{0.167em}}C. Gallardo and R. Gupta and H. Kirk and N. Simos and D. Stratakis and N. Souchlas and H. Witte and A. Bross and S. Geer and C. Johnstone and N. Makhov and D. Neuffer and M. Popovic and J. Strait and S. Striganov and J.{\hspace{0.167em}}G. Morf{\'{\i}}n and R. Wands and P. Snopok and S.{\hspace{0.167em}}A. Bagacz and V. Morozov and Y. Roblin and D. Cline and X. Ding and C. Bromberg and T. Hart and R.{\hspace{0.167em}}J. Abrams and C.{\hspace{0.167em}}M. Ankenbrandt and K.{\hspace{0.167em}}B. Beard and M.{\hspace{0.167em}}A.{\hspace{0.167em}}C. Cummings and G. Flanagan and R.{\hspace{0.167em}}P. Johnson and T.{\hspace{0.167em}}J. Roberts and C.{\hspace{0.167em}}Y. Yoshikawa and V.{\hspace{0.167em}}B. Graves and K.{\hspace{0.167em}}T. McDonald and L. Coney and G. Hanson},
  title     = {Neutrino factory},
  journal   = {Physical Review Special Topics - Accelerators and Beams},
  year      = {2014},
  volume    = {17},
  number    = {12},
  month     = {dec},
  doi       = {10.1103/physrevstab.17.121002},
  file      = {:Bogomilov2014 - Neutrino Factory.pdf:PDF},
  groups    = {beam},
  publisher = {American Physical Society ({APS})},
}

@Article{Wildner2012,
  author    = {E. Wildner},
  title     = {Beta Beams for Neutrino Production},
  journal   = {Nuclear Physics B - Proceedings Supplements},
  year      = {2012},
  volume    = {229-232},
  pages     = {227--231},
  month     = {aug},
  doi       = {10.1016/j.nuclphysbps.2012.09.037},
  file      = {:Wildner2012 - Beta Beams for Neutrino Production.pdf:PDF},
  groups    = {beam},
  publisher = {Elsevier {BV}},
}

@Article{Geer1998,
  author    = {S. Geer},
  title     = {Neutrino beams from muon storage rings: Characteristics and physics potential},
  journal   = {Physical Review D},
  year      = {1998},
  volume    = {57},
  number    = {11},
  pages     = {6989--6997},
  month     = {jun},
  doi       = {10.1103/physrevd.57.6989},
  file      = {:Geer1998 - Neutrino Beams from Muon Storage Rings Characteristics and Physics Potential.pdf:PDF},
  groups    = {beam},
  publisher = {American Physical Society ({APS})},
}

@Article{Dore2018,
  author      = {Ubaldo Dore and Pier Loverre and Lucio Ludovici},
  title       = {History of accelerator neutrino beams},
  date        = {2018-05-03},
  eprint      = {http://arxiv.org/abs/1805.01373v1},
  eprintclass = {physics.acc-ph},
  eprinttype  = {arXiv},
  file        = {:Dore2018 - History of Accelerator Neutrino Beams.pdf:PDF},
  groups      = {beam},
  keywords    = {physics.acc-ph},
}

@Article{Adamson2015,
  author      = {P. Adamson and K. Anderson and M. Andrews and R. Andrews and I. Anghel and D. Augustine and A. Aurisano and S. Avvakumov and D. S. Ayres and B. Baller and B. Barish and G. Barr and W. L. Barrett and R. H. Bernstein and J. Biggs and M. Bishai and A. Blake and V. Bocean and G. J. Bock and D. J. Boehnlein and D. Bogert and K. Bourkland and S. V. Cao and C. M. Castromonte and S. Childress and B. C. Choudhary and J. A. B. Coelho and J. H. Cobb and L. Corwin and D. Crane and J. P. Cravens and D. Cronin-Hennessy and R. J. Ducar and J. K. de Jong and A. V. Devan and N. E. Devenish and M. V. Diwan and A. R. Erwin and C. O. Escobar and J. J. Evans and E. Falk and G. J. Feldman and T. H. Fields and R. Ford and M. V. Frohne and H. R. Gallagher and V. Garkusha and R. A. Gomes and M. C. Goodman and P. Gouffon and N. Graf and R. Gran and N. Grossman and K. Grzelak and A. Habig and S. R. Hahn and D. Harding and D. Harris and P. G. Harris and J. Hartnell and R. Hatcher and S. Hays and K. Heller and A. Holin and J. Huang and J. Hylen and A. Ibrahim and D. Indurthy and G. M. Irwin and Z. Isvan and D. E. Jaffe and C. James and D. Jensen and J. Johnstone and T. Kafka and S. M. S. Kasahara and G. Koizumi and S. Kopp and M. Kordosky and A. Kreymer and K. Lang and C. Laughton and G. Lefeuvre and J. Ling and P. J. Litchfield and L. Loiacono and P. Lucas and W. A. Mann and A. Marchionni and M. L. Marshak and N. Mayer and C. McGivern and M. M. Medeiros and R. Mehdiyev and J. R. Meier and M. D. Messier and D. G. Michael and R. H. Milburn and J. L. Miller and W. H. Miller and S. R. Mishra and S. Moed Sher and C. D. Moore and J. Morfin and L. Mualem and S. Mufson and S. Murgia and M. Murtagh and J. Musser and D. Naples and J. K. Nelson and H. B. Newman and R. J. Nichol and J. A. Nowak and J. O Connor and W. P. Oliver and M. Olsen and M. Orchanian and S. Osprey and R. B. Pahlka and J. Paley and A. Para and R. B. Patterson and T. Patzak and Z. Pavlovic and G. Pawloski and A. Perch and E. A. Peterson and D. A. Petyt and M. M. Pfutzner and S. Phan-Budd and R. K. Plunkett and N. Poonthottathil and P. Prieto and D. Pushka and X. Qiu and A. Radovic and R. A. Rameika and J. Ratchford and B. Rebel and R. Reilly and C. Rosenfeld and H. A. Rubin and K. Ruddick and M. C. Sanchez and N. Saoulidou and L. Sauer and J. Schneps and D. Schoo and A. Schreckenberger and P. Schreiner and P. Shanahan and R. Sharma and W. Smart and C. Smith and A. Sousa and A. Stefanik and N. Tagg and R. L. Talaga and G. Tassotto and J. Thomas and J. Thompson and M. A. Thomson and X. Tian and A. Timmons and D. Tinsley and S. C. Tognini and R. Toner and D. Torretta and I. Trostin and G. Tzanakos and J. Urheim and P. Vahle and K. Vaziri and E. Villegas and B. Viren and G. Vogel and R. C. Webber and A. Weber and R. C. Webb and A. Wehmann and C. White and L. Whitehead and L. H. Whitehead and S. G. Wojcicki and M. L. Wong-Squires and T. Yang and F. X. Yumiceva and V. Zarucheisky and R. Zwaska},
  title       = {The NuMI Neutrino Beam},
  date        = {2015-07-23},
  doi         = {10.1016/j.nima.2015.08.063},
  eprint      = {http://arxiv.org/abs/1507.06690v2},
  eprintclass = {physics.acc-ph},
  eprinttype  = {arXiv},
  file        = {:Adamson2015 - The NuMI Neutrino Beam.pdf:PDF},
  groups      = {beam},
  keywords    = {physics.acc-ph, hep-ex},
}

@Article{Levy2010,
  author      = {Jean-Michel Levy},
  title       = {Kinematics of an off axis neutrino beam},
  date        = {2010-05-04},
  eprint      = {http://arxiv.org/abs/1005.0574v2},
  eprintclass = {hep-ex},
  eprinttype  = {arXiv},
  file        = {:Levy2010 - Kinematics of an off Axis Neutrino Beam.pdf:PDF},
  groups      = {beam},
  keywords    = {hep-ex, hep-ph, physics.acc-ph},
}

@Article{Itow2001,
  author      = {Y. Itow and T. Kajita and K. Kaneyuki and M. Shiozawa and Y. Totsuka and Y. Hayato and T. Ishida and T. Ishii and T. Kobayashi and T. Maruyama and K. Nakamura and Y. Obayashi and Y. Oyama and M. Sakuda and M. Yoshida and S. Aoki and T. Hara and A. Suzuki and A. Ichikawa and T. Nakaya and K. Nishikawa and T. Hasegawa and K. Ishihara and A. Suzuki and A. Konaka},
  title       = {The JHF-Kamioka neutrino project},
  date        = {2001-06-05},
  eprint      = {http://arxiv.org/abs/hep-ex/0106019v1},
  eprintclass = {hep-ex},
  eprinttype  = {arXiv},
  file        = {:Itow2001 - The JHF Kamioka Neutrino Project.pdf:PDF},
  groups      = {beam},
  keywords    = {hep-ex},
}

@Misc{VanDerMeer1961,
  author    = {Van Der Meer, S},
  title     = {A directive device for charged particles and its use in an enhanced neutrino beam},
  year      = {1961},
  doi       = {10.5170/cern-1961-007},
  file      = {:VanDerMeer1961 - A Directive Device for Charged Particles and Its Use in an Enhanced Neutrino Beam.pdf:PDF},
  groups    = {beam},
  keywords  = {Accelerators and Storage Rings},
  language  = {eng},
  publisher = {CERN},
}

@Article{Papadimitriou2017,
  author      = {V. Papadimitriou and K. Ammigan and J. Anderson Jr. and K. E. Anderson and R. Andrews and V. Bocean and C. F. Crowley and N. Eddy and B. D. Hartsell and S. Hays and P. Hurh and J. Hylen and J. A. Johnstone and P. Kasper and T. Kobilarcik and G. E. Krafczyk and B. Lundberg and A. Marchionni and N. V. Mokhov and C. D. Moore and D. Pushka and I. Rakhno and S. D. Reitzner and P. Schlabach and V. Sidorov and A. M. Stefanik and S. Tariq and L. Valerio and K. Vaziri and G. Velev and G. Vogel and K. Williams and R. M. Zwaska and C. Densham},
  title       = {Design Of The LBNF Beamline},
  date        = {2017-04-14},
  eprint      = {http://arxiv.org/abs/1704.04471v1},
  eprintclass = {physics.acc-ph},
  eprinttype  = {arXiv},
  file        = {:Papadimitriou2017 - Design of the LBNF Beamline.pdf:PDF},
  groups      = {beam},
  keywords    = {physics.acc-ph},
}

@Article{Kopp2006,
  author       = {Sacha E. Kopp},
  title        = {Accelerator Neutrino Beams},
  date         = {2006-09-14},
  doi          = {10.1016/j.physrep.2006.11.004},
  eprint       = {http://arxiv.org/abs/physics/0609129v1},
  eprintclass  = {physics.acc-ph},
  eprinttype   = {arXiv},
  file         = {:Kopp2006 - Accelerator Neutrino Beams.pdf:PDF},
  groups       = {beam},
  journaltitle = {Phys.Rept.439:101-159,2007},
  keywords     = {physics.acc-ph, hep-ex},
}

@Article{Noether1971,
  author    = {Emmy Noether},
  title     = {Invariant variation problems},
  journal   = {Transport Theory and Statistical Physics},
  year      = {1971},
  volume    = {1},
  number    = {3},
  pages     = {186--207},
  month     = {jan},
  doi       = {10.1080/00411457108231446},
  file      = {:Noether1971 - Invariant Variation Problems.pdf:PDF},
  groups    = {theory},
  publisher = {Informa {UK} Limited},
}

@Article{Feldman2019,
  author      = {Gary J. Feldman},
  title       = {History of Long-Baseline Accelerator Neutrino Experiments},
  date        = {2019-01-27},
  eprint      = {http://arxiv.org/abs/1901.09431v1},
  eprintclass = {hep-ex},
  eprinttype  = {arXiv},
  file        = {:Feldman2019 - History of Long Baseline Accelerator Neutrino Experiments.pdf:PDF},
  groups      = {DUNE},
  keywords    = {hep-ex, physics.ins-det},
}

@Article{Adamson2016,
  author    = {P. Adamson and C. Ader and M. Andrews and N. Anfimov and I. Anghel and K. Arms and E. Arrieta-Diaz and A. Aurisano and D.{\hspace{0.167em}}S. Ayres and C. Backhouse and M. Baird and B.{\hspace{0.167em}}A. Bambah and K. Bays and R. Bernstein and M. Betancourt and V. Bhatnagar and B. Bhuyan and J. Bian and K. Biery and T. Blackburn and V. Bocean and D. Bogert and A. Bolshakova and M. Bowden and C. Bower and D. Broemmelsiek and C. Bromberg and G. Brunetti and X. Bu and A. Butkevich and D. Capista and E. Catano-Mur and T.{\hspace{0.167em}}R. Chase and S. Childress and B.{\hspace{0.167em}}C. Choudhary and B. Chowdhury and T.{\hspace{0.167em}}E. Coan and J.{\hspace{0.167em}}A.{\hspace{0.167em}}B. Coelho and M. Colo and J. Cooper and L. Corwin and D. Cronin-Hennessy and A. Cunningham and G.{\hspace{0.167em}}S. Davies and J.{\hspace{0.167em}}P. Davies and M. Del Tutto and P.{\hspace{0.167em}}F. Derwent and K.{\hspace{0.167em}}N. Deepthi and D. Demuth and S. Desai and G. Deuerling and A. Devan and J. Dey and R. Dharmapalan and P. Ding and S. Dixon and Z. Djurcic and E.{\hspace{0.167em}}C. Dukes and H. Duyang and R. Ehrlich and G.{\hspace{0.167em}}J. Feldman and N. Felt and E.{\hspace{0.167em}}J. Fenyves and E. Flumerfelt and S. Foulkes and M.{\hspace{0.167em}}J. Frank and W. Freeman and M. Gabrielyan and H.{\hspace{0.167em}}R. Gallagher and M. Gebhard and T. Ghosh and W. Gilbert and A. Giri and S. Goadhouse and R.{\hspace{0.167em}}A. Gomes and L. Goodenough and M.{\hspace{0.167em}}C. Goodman and V. Grichine and N. Grossman and R. Group and J. Grudzinski and V. Guarino and B. Guo and A. Habig and T. Handler and J. Hartnell and R. Hatcher and A. Hatzikoutelis and K. Heller and C. Howcroft and J. Huang and X. Huang and J. Hylen and M. Ishitsuka and F. Jediny and C. Jensen and D. Jensen and C. Johnson and H. Jostlein and G.{\hspace{0.167em}}K. Kafka and Y. Kamyshkov and S.{\hspace{0.167em}}M.{\hspace{0.167em}}S. Kasahara and S. Kasetti and K. Kephart and G. Koizumi and S. Kotelnikov and I. Kourbanis and Z. Krahn and V. Kravtsov and A. Kreymer and Ch. Kulenberg and A. Kumar and T. Kutnink and R. Kwarciancy and J. Kwong and K. Lang and A. Lee and W.{\hspace{0.167em}}M. Lee and K. Lee and S. Lein and J. Liu and M. Lokajicek and J. Lozier and Q. Lu and P. Lucas and S. Luchuk and P. Lukens and G. Lukhanin and S. Magill and K. Maan and W.{\hspace{0.167em}}A. Mann and M.{\hspace{0.167em}}L. Marshak and M. Martens and J. Martincik and P. Mason and K. Matera and M. Mathis and V. Matveev and N. Mayer and E. McCluskey and R. Mehdiyev and H. Merritt and M.{\hspace{0.167em}}D. Messier and H. Meyer and T. Miao and D. Michael and S.{\hspace{0.167em}}P. Mikheyev and W.{\hspace{0.167em}}H. Miller and S.{\hspace{0.167em}}R. Mishra and R. Mohanta and A. Moren and L. Mualem and M. Muether and S. Mufson and J. Musser and H.{\hspace{0.167em}}B. Newman and J.{\hspace{0.167em}}K. Nelson and E. Niner and A. Norman and J. Nowak and Y. Oksuzian and A. Olshevskiy and J. Oliver and T. Olson and J. Paley and P. Pandey and A. Para and R.{\hspace{0.167em}}B. Patterson and G. Pawloski and N. Pearson and D. Perevalov and D. Pershey and E. Peterson and R. Petti and S. Phan-Budd and L. Piccoli and A. Pla-Dalmau and R.{\hspace{0.167em}}K. Plunkett and R. Poling and B. Potukuchi and F. Psihas and D. Pushka and X. Qiu and N. Raddatz and A. Radovic and R.{\hspace{0.167em}}A. Rameika and R. Ray and B. Rebel and R. Rechenmacher and B. Reed and R. Reilly and D. Rocco and D. Rodkin and K. Ruddick and R. Rusack and V. Ryabov and K. Sachdev and S. Sahijpal and H. Sahoo and O. Samoylov and M.{\hspace{0.167em}}C. Sanchez and N. Saoulidou and P. Schlabach and J. Schneps and R. Schroeter and J. Sepulveda-Quiroz and P. Shanahan and B. Sherwood and A. Sheshukov and J. Singh and V. Singh and A. Smith and D. Smith and J. Smolik and N. Solomey and A. Sotnikov and A. Sousa and K. Soustruznik and Y. Stenkin and M. Strait and L. Suter and R.{\hspace{0.167em}}L. Talaga and M.{\hspace{0.167em}}C. Tamsett and S. Tariq and P. Tas and R.{\hspace{0.167em}}J. Tesarek and R.{\hspace{0.167em}}B. Thayyullathil and K. Thomsen and X. Tian and S.{\hspace{0.167em}}C. Tognini and R. Toner and J. Trevor and G. Tzanakos and J. Urheim and P. Vahle and L. Valerio and L. Vinton and T. Vrba and A.{\hspace{0.167em}}V. Waldron and B. Wang and Z. Wang and A. Weber and A. Wehmann and D. Whittington and N. Wilcer and R. Wildberger and D. Wildman and K. Williams and S.{\hspace{0.167em}}G. Wojcicki and K. Wood and M. Xiao and T. Xin and N. Yadav and S. Yang and S. Zadorozhnyy and J. Zalesak and B. Zamorano and A. Zhao and J. Zirnstein and R. Zwaska and},
  title     = {First measurement of muon-neutrino disappearance in {NOvA}},
  journal   = {Physical Review D},
  year      = {2016},
  volume    = {93},
  number    = {5},
  month     = {mar},
  doi       = {10.1103/physrevd.93.051104},
  file      = {:Adamson2016 - First Measurement of Muon Neutrino Disappearance in NOvA.pdf:PDF},
  groups    = {DUNE},
  publisher = {American Physical Society ({APS})},
}

@Article{Abe2011,
  author    = {K. Abe and N. Abgrall and Y. Ajima and H. Aihara and J. B. Albert and C. Andreopoulos and B. Andrieu and S. Aoki and O. Araoka and J. Argyriades and A. Ariga and T. Ariga and S. Assylbekov and D. Autiero and A. Badertscher and M. Barbi and G. J. Barker and G. Barr and M. Bass and F. Bay and S. Bentham and V. Berardi and B. E. Berger and I. Bertram and M. Besnier and J. Beucher and D. Beznosko and S. Bhadra and F. d.M. M. Blaszczyk and A. Blondel and C. Bojechko and J. Bouchez and S. B. Boyd and A. Bravar and C. Bronner and D. G. Brook-Roberge and N. Buchanan and H. Budd and D. Calvet and S. L. Cartwright and A. Carver and R. Castillo and M. G. Catanesi and A. Cazes and A. Cervera and C. Chavez and S. Choi and G. Christodoulou and J. Coleman and W. Coleman and G. Collazuol and K. Connolly and A. Curioni and A. Dabrowska and I. Danko and R. Das and G. S. Davies and S. Davis and M. Day and G. De Rosa and J. P. A. M. de Andr{\'{e}} and P. de Perio and A. Delbart and C. Densham and F. Di Lodovico and S. Di Luise and P. Dinh Tran and J. Dobson and U. Dore and O. Drapier and F. Dufour and J. Dumarchez and S. Dytman and M. Dziewiecki and M. Dziomba and S. Emery and A. Ereditato and L. Escudero and L. S. Esposito and M. Fechner and A. Ferrero and A. J. Finch and E. Frank and Y. Fujii and Y. Fukuda and V. Galymov and F. C. Gannaway and A. Gaudin and A. Gendotti and M. A. George and S. Giffin and C. Giganti and K. Gilje and T. Golan and M. Goldhaber and J. J. Gomez-Cadenas and M. Gonin and N. Grant and A. Grant and P. Gumplinger and P. Guzowski and A. Haesler and M. D. Haigh and K. Hamano and C. Hansen and D. Hansen and T. Hara and P. F. Harrison and B. Hartfiel and M. Hartz and T. Haruyama and T. Hasegawa and N. C. Hastings and S. Hastings and A. Hatzikoutelis and K. Hayashi and Y. Hayato and C. Hearty and R. L. Helmer and R. Henderson and N. Higashi and J. Hignight and E. Hirose and J. Holeczek and S. Horikawa and A. Hyndman and A. K. Ichikawa and K. Ieki and M. Ieva and M. Iida and M. Ikeda and J. Ilic and J. Imber and T. Ishida and C. Ishihara and T. Ishii and S. J. Ives and M. Iwasaki and K. Iyogi and A. Izmaylov and B. Jamieson and R. A. Johnson and K. K. Joo and G. V. Jover-Manas and C. K. Jung and H. Kaji and T. Kajita and H. Kakuno and J. Kameda and K. Kaneyuki and D. Karlen and K. Kasami and I. Kato and E. Kearns and M. Khabibullin and F. Khanam and A. Khotjantsev and D. Kielczewska and T. Kikawa and J. Kim and J. Y. Kim and S. B. Kim and N. Kimura and B. Kirby and J. Kisiel and P. Kitching and T. Kobayashi and G. Kogan and S. Koike and A. Konaka and L. L. Kormos and A. Korzenev and K. Koseki and Y. Koshio and Y. Kouzuma and K. Kowalik and V. Kravtsov and I. Kreslo and W. Kropp and H. Kubo and Y. Kudenko and N. Kulkarni and R. Kurjata and T. Kutter and J. Lagoda and K. Laihem and M. Laveder and K. P. Lee and P. T. Le and J. M. Levy and C. Licciardi and I. T. Lim and T. Lindner and R. P. Litchfield and M. Litos and A. Longhin and G. D. Lopez and P. F. Loverre and L. Ludovici and T. Lux and M. Macaire and K. Mahn and Y. Makida and M. Malek and S. Manly and A. Marchionni and A. D. Marino and J. Marteau and J. F. Martin and T. Maruyama and T. Maryon and J. Marzec and P. Masliah and E. L. Mathie and C. Matsumura and K. Matsuoka and V. Matveev and K. Mavrokoridis and E. Mazzucato and N. McCauley and K. S. McFarland and C. McGrew and T. McLachlan and M. Messina and W. Metcalf and C. Metelko and M. Mezzetto and P. Mijakowski and C. A. Miller and A. Minamino and O. Mineev and S. Mine and A. D. Missert and G. Mituka and M. Miura and K. Mizouchi and L. Monfregola and F. Moreau and B. Morgan and S. Moriyama and A. Muir and A. Murakami and M. Murdoch and S. Murphy and J. Myslik and T. Nakadaira and M. Nakahata and T. Nakai and K. Nakajima and T. Nakamoto and K. Nakamura and S. Nakayama and T. Nakaya and D. Naples and M. L. Navin and B. Nelson and T. C. Nicholls and K. Nishikawa and H. Nishino and J. A. Nowak and M. Noy and Y. Obayashi and T. Ogitsu and H. Ohhata and T. Okamura and K. Okumura and T. Okusawa and S. M. Oser and M. Otani and R. A. Owen and Y. Oyama and T. Ozaki and M. Y. Pac and V. Palladino and V. Paolone and P. Paul and D. Payne and G. F. Pearce and J. D. Perkin and V. Pettinacci and F. Pierre and E. Poplawska and B. Popov and M. Posiadala and J.-M. Poutissou and R. Poutissou and P. Przewlocki and W. Qian and J. L. Raaf and E. Radicioni and P. N. Ratoff and T. M. Raufer and M. Ravonel and M. Raymond and F. Retiere and A. Robert and P. A. Rodrigues and E. Rondio and J. M. Roney and B. Rossi and S. Roth and A. Rubbia and D. Ruterbories and S. Sabouri and R. Sacco and K. Sakashita and F. S{\'{a}}nchez and A. Sarrat and K. Sasaki and K. Scholberg and J. Schwehr and M. Scott and D. I. Scully and Y. Seiya and T. Sekiguchi and H. Sekiya and M. Shibata and Y. Shimizu and M. Shiozawa and S. Short and M. Siyad and R. J. Smith and M. Smy and J. T. Sobczyk and H. Sobel and M. Sorel and A. Stahl and P. Stamoulis and J. Steinmann and B. Still and J. Stone and C. Strabel and L. R. Sulak and R. Sulej and P. Sutcliffe and A. Suzuki and K. Suzuki and S. Suzuki and S. Y. Suzuki and Y. Suzuki and Y. Suzuki and T. Szeglowski and M. Szeptycka and R. Tacik and M. Tada and S. Takahashi and A. Takeda and Y. Takenaga and Y. Takeuchi and K. Tanaka and H. A. Tanaka and M. Tanaka and M. M. Tanaka and N. Tanimoto and K. Tashiro and I. Taylor and A. Terashima and D. Terhorst and R. Terri and L. F. Thompson and A. Thorley and W. Toki and T. Tomaru and Y. Totsuka and C. Touramanis and T. Tsukamoto and M. Tzanov and Y. Uchida and K. Ueno and A. Vacheret and M. Vagins and G. Vasseur and T. Wachala and J. J. Walding and A. V. Waldron and C. W. Walter and P. J. Wanderer and J. Wang and M. A. Ward and G. P. Ward and D. Wark and M. O. Wascko and A. Weber and R. Wendell and N. West and L. H. Whitehead and G. Wikström and R. J. Wilkes and M. J. Wilking and J. R. Wilson and R. J. Wilson and T. Wongjirad and S. Yamada and Y. Yamada and A. Yamamoto and K. Yamamoto and Y. Yamanoi and H. Yamaoka and C. Yanagisawa and T. Yano and S. Yen and N. Yershov and M. Yokoyama and A. Zalewska and J. Zalipska and L. Zambelli and K. Zaremba and M. Ziembicki and E. D. Zimmerman and M. Zito and J. {\.{Z}}muda and},
  title     = {Indication of Electron Neutrino Appearance from an Accelerator-Produced Off-Axis Muon Neutrino Beam},
  journal   = {Physical Review Letters},
  year      = {2011},
  volume    = {107},
  number    = {4},
  month     = {jul},
  doi       = {10.1103/physrevlett.107.041801},
  file      = {:Abe2011 - Indication of Electron Neutrino Appearance from an Accelerator Produced off Axis Muon Neutrino Beam.pdf:PDF},
  groups    = {DUNE},
  publisher = {American Physical Society ({APS})},
}

@Article{Buccella2018,
  author      = {Franco Buccella and Damiano F. G. Fiorillo and Gennaro Miele and Stefano Morisi and Ofelia Pisanti and Pietro Santorelli},
  title       = {Neutrino phenomenology from leptogenesis},
  date        = {2018-06-20},
  doi         = {10.1140/epjc/s10052-018-6299-6},
  eprint      = {http://arxiv.org/abs/1806.07615v1},
  eprintclass = {hep-ph},
  eprinttype  = {arXiv},
  file        = {:Buccella2018 - Neutrino Phenomenology from Leptogenesis.pdf:PDF},
  groups      = {theory},
  keywords    = {hep-ph},
}

@Article{Bari2012,
  author       = {Pasquale Di Bari},
  title        = {An introduction to leptogenesis and neutrino properties},
  date         = {2012-06-14},
  doi          = {10.1080/00107514.2012.701096},
  eprint       = {http://arxiv.org/abs/1206.3168v1},
  eprintclass  = {hep-ph},
  eprinttype   = {arXiv},
  file         = {:Bari2012 - An Introduction to Leptogenesis and Neutrino Properties.pdf:PDF},
  groups       = {theory},
  journaltitle = {Contemporary Physics Volume 53, Issue 4, 2012},
  keywords     = {hep-ph, astro-ph.CO, physics.ed-ph},
}

@Article{Pati1973,
  author    = {Jogesh C. Pati and Abdus Salam},
  title     = {Is Baryon Number Conserved?},
  journal   = {Physical Review Letters},
  year      = {1973},
  volume    = {31},
  number    = {10},
  pages     = {661--664},
  month     = {sep},
  doi       = {10.1103/physrevlett.31.661},
  file      = {:Pati1973 - Is Baryon Number Conserved.pdf:PDF},
  groups    = {theory},
  publisher = {American Physical Society ({APS})},
}

@Article{Olive2016,
  author    = {K.A. Olive},
  title     = {Review of Particle Physics},
  journal   = {Chinese Physics C},
  year      = {2016},
  volume    = {40},
  number    = {10},
  pages     = {100001},
  month     = {oct},
  doi       = {10.1088/1674-1137/40/10/100001},
  file      = {:Olive2016 - Review of Particle Physics.pdf:PDF},
  groups    = {theory},
  publisher = {{IOP} Publishing},
}

@Article{Rott2017,
  author      = {Carsten Rott and Seongjin In and Jason Kumar and David Yaylali},
  title       = {New Dark Matter Search Strategies at DUNE},
  date        = {2017-10-10},
  eprint      = {http://arxiv.org/abs/1710.03822v1},
  eprintclass = {hep-ph},
  eprinttype  = {arXiv},
  file        = {:Rott2017 - New Dark Matter Search Strategies at DUNE.pdf:PDF},
  groups      = {theory},
  keywords    = {hep-ph, astro-ph.CO},
}

@Article{Lipkin2005,
  author       = {Harry J. Lipkin},
  title        = {Quantum Theory of Neutrino Oscillations for Pedestrians - Simple Answers to Confusing Questions},
  date         = {2005-05-16},
  doi          = {10.1016/j.physletb.2006.09.054},
  eprint       = {http://arxiv.org/abs/hep-ph/0505141v4},
  eprintclass  = {hep-ph},
  eprinttype   = {arXiv},
  file         = {:Lipkin2005 - Quantum Theory of Neutrino Oscillations for Pedestrians Simple Answers to Confusing Questions.pdf:PDF},
  groups       = {theory},
  journaltitle = {Phys.Lett.B642:366-371,2006},
  keywords     = {hep-ph},
}

@Article{Lipkin2002,
  author      = {Harry J. Lipkin},
  title       = {Stodolsky's Theorem and Neutrino Oscillation Phases -- for pedestrians},
  date        = {2002-12-05},
  eprint      = {http://arxiv.org/abs/hep-ph/0212093v3},
  eprintclass = {hep-ph},
  eprinttype  = {arXiv},
  file        = {:Lipkin2002 - Stodolsky's Theorem and Neutrino Oscillation Phases for Pedestrians.pdf:PDF},
  groups      = {theory},
  keywords    = {hep-ph},
}

@Article{Stodolsky1998,
  author       = {L. Stodolsky},
  title        = {When the Wavepacket is Unnecessary},
  date         = {1998-02-21},
  doi          = {10.1103/PhysRevD.58.036006},
  eprint       = {http://arxiv.org/abs/hep-ph/9802387v2},
  eprintclass  = {hep-ph},
  eprinttype   = {arXiv},
  file         = {:Stodolsky1998 - When the Wavepacket Is Unnecessary.pdf:PDF},
  groups       = {theory},
  journaltitle = {Phys.Rev.D58:036006,1998},
  keywords     = {hep-ph},
}

@Article{Mondal2015,
  author      = {Spandan Mondal},
  title       = {Physics of Neutrino Oscillation},
  date        = {2015-11-20},
  eprint      = {http://arxiv.org/abs/1511.06752v1},
  eprintclass = {physics.gen-ph},
  eprinttype  = {arXiv},
  file        = {:Mondal2015 - Physics of Neutrino Oscillation.pdf:PDF},
  groups      = {theory},
  keywords    = {physics.gen-ph},
}

@Article{Kayser2005,
  author       = {Boris Kayser},
  title        = {Neutrino Physics},
  date         = {2005-06-16},
  eprint       = {http://arxiv.org/abs/hep-ph/0506165v1},
  eprintclass  = {hep-ph},
  eprinttype   = {arXiv},
  file         = {:Kayser2005 - Neutrino Physics.pdf:PDF},
  groups       = {theory},
  journaltitle = {ECONFC040802:L004,2004},
  keywords     = {hep-ph},
}

@Article{Pontecorvo:1957cp,
  author       = {Pontecorvo, B.},
  title        = {{Mesonium and anti-mesonium}},
  journal      = {Sov. Phys. JETP},
  year         = {1957},
  volume       = {6},
  pages        = {429},
  note         = {[Zh. Eksp. Teor. Fiz.33,549(1957)]},
  file         = {:Pontecorvo1957cp - Mesonium and Anti Mesonium.pdf:PDF},
  slaccitation = {%%CITATION = SPHJA,6,429;%%},
}

@Article{Pontecorvo:1957qd,
  author       = {Pontecorvo, B.},
  title        = {{Inverse beta processes and nonconservation of lepton charge}},
  journal      = {Sov. Phys. JETP},
  year         = {1958},
  volume       = {7},
  pages        = {172-173},
  note         = {[Zh. Eksp. Teor. Fiz.34,247(1957)]},
  file         = {:Pontecorvo1957qd - Inverse Beta Processes and Nonconservation of Lepton Charge.pdf:PDF},
  slaccitation = {%%CITATION = SPHJA,7,172;%%},
}

@Article{Gell-Mann1955,
  author    = {M. Gell-Mann and A. Pais},
  title     = {Behavior of Neutral Particles under Charge Conjugation},
  journal   = {Physical Review},
  year      = {1955},
  volume    = {97},
  number    = {5},
  pages     = {1387--1389},
  month     = {mar},
  doi       = {10.1103/physrev.97.1387},
  file      = {:Gell-Mann1955 - Behavior of Neutral Particles under Charge Conjugation.pdf:PDF},
  groups    = {theory},
  publisher = {American Physical Society ({APS})},
}

@Article{Pontecorvo1968,
  author  = {Pontecorvo, B.},
  title   = {NEUTRINO EXPERIMENTS AND THE QUESTION OF LEPTONIC-CHARGE CONSERVATION.},
  journal = {pp 251-61 of Old and New Problems in Elementary Particles. Puppi, G. (ed.). New York, Academic Press Inc., 1968.},
  year    = {1969},
  month   = {10},
  place   = {Country unknown/Code not available},
}

@Article{osti_4814050,
  author  = {Pontecorvo, B.},
  title   = {NEUTRINO EXPERIMENTS AND THE QUESTION OF LEPTONIC-CHARGE CONSERVATION.},
  journal = {pp 251-61 of Old and New Problems in Elementary Particles. Puppi, G. (ed.). New York, Academic Press Inc., 1968.},
  year    = {1969},
  month   = {10},
  place   = {Country unknown/Code not available},
}

@Article{Bahcall1976,
  author    = {J. N. Bahcall and R. Davis},
  title     = {Solar Neutrinos: A Scientific Puzzle},
  journal   = {Science},
  year      = {1976},
  volume    = {191},
  number    = {4224},
  pages     = {264--267},
  month     = {jan},
  doi       = {10.1126/science.191.4224.264},
  file      = {:Bahcall1976 - Solar Neutrinos a Scientific Puzzle.pdf:PDF},
  groups    = {theory},
  publisher = {American Association for the Advancement of Science ({AAAS})},
}

@Article{Danby1962,
  author    = {G. Danby and J-M. Gaillard and K. Goulianos and L. M. Lederman and N. Mistry and M. Schwartz and J. Steinberger},
  title     = {Observation of High-Energy Neutrino Reactions and the Existence of Two Kinds of Neutrinos},
  journal   = {Physical Review Letters},
  year      = {1962},
  volume    = {9},
  number    = {1},
  pages     = {36--44},
  month     = {jul},
  doi       = {10.1103/physrevlett.9.36},
  file      = {:Danby1962 - Observation of High Energy Neutrino Reactions and the Existence of Two Kinds of Neutrinos.pdf:PDF},
  groups    = {theory},
  publisher = {American Physical Society ({APS})},
}

@Article{Fantini2018,
  author      = {Guido Fantini and Andrea Gallo Rosso and Francesco Vissani and Vanessa Zema},
  title       = {The formalism of neutrino oscillations: an introduction},
  date        = {2018-02-15},
  eprint      = {http://arxiv.org/abs/1802.05781v1},
  eprintclass = {hep-ph},
  eprinttype  = {arXiv},
  file        = {:Fantini2018 - The Formalism of Neutrino Oscillations an Introduction.pdf:PDF},
  groups      = {theory},
  keywords    = {hep-ph},
}

@Article{Nakagawa1963,
  author    = {Masami Nakagawa and Hisaichiro Okonogi and Shoichi Sakata and Akira Toyoda},
  title     = {Possible Existence of a Neutrino with Mass and Partial Conservation of Muon Charge},
  journal   = {Progress of Theoretical Physics},
  year      = {1963},
  volume    = {30},
  number    = {5},
  pages     = {727--729},
  month     = {nov},
  doi       = {10.1143/ptp.30.727},
  file      = {:Nakagawa1963 - Possible Existence of a Neutrino with Mass and Partial Conservation of Muon Charge.pdf:PDF},
  groups    = {theory},
  publisher = {Oxford University Press ({OUP})},
}

@Article{Giganti2017,
  author      = {Claudio Giganti and Stéphane Lavignac and Marco Zito},
  title       = {Neutrino oscillations: the rise of the PMNS paradigm},
  date        = {2017-10-02},
  doi         = {10.1016/j.ppnp.2017.10.001},
  eprint      = {http://arxiv.org/abs/1710.00715v2},
  eprintclass = {hep-ex},
  eprinttype  = {arXiv},
  file        = {:Giganti2017 - Neutrino Oscillations the Rise of the PMNS Paradigm.pdf:PDF},
  groups      = {theory},
  keywords    = {hep-ex, hep-ph},
}

@Article{Qian2013,
  author      = {X. Qian and C. Zhang and M. Diwan and P. Vogel},
  title       = {Unitarity Tests of the Neutrino Mixing Matrix},
  date        = {2013-08-26},
  eprint      = {http://arxiv.org/abs/1308.5700v1},
  eprintclass = {hep-ex},
  eprinttype  = {arXiv},
  file        = {:Qian2013 - Unitarity Tests of the Neutrino Mixing Matrix.pdf:PDF},
  groups      = {theory},
  keywords    = {hep-ex, hep-ph, nucl-ex},
}

@Article{Aharmim2013,
  author    = {B. Aharmim and S.~N. Ahmed and A.~E. Anthony and N. Barros and E.~W. Beier and A. Bellerive and B. Beltran and M. Bergevin and S.~D. Biller and K. Boudjemline and M.~G. Boulay and B. Cai and Y.~D. Chan and D. Chauhan and M. Chen and B.~T. Cleveland and G.~A. Cox and X. Dai and H. Deng and J.~A. Detwiler and M. DiMarco and P.~J. Doe and G. Doucas and P.-L. Drouin and F.~A. Duncan and M. Dunford and E.~D. Earle and S.~R. Elliott and H.~C. Evans and G.~T. Ewan and J. Farine and H. Fergani and F. Fleurot and R.~J. Ford and J.~A. Formaggio and N. Gagnon and J.~TM. Goon and K. Graham and E. Guillian and S. Habib and R.~L. Hahn and A.~L. Hallin and E.~D. Hallman and P.~J. Harvey and R. Hazama and W.~J. Heintzelman and J. Heise and R.~L. Helmer and A. Hime and C. Howard and M. Huang and P. Jagam and B. Jamieson and N.~A. Jelley and M. Jerkins and K.~J. Keeter and J.~R. Klein and L.~L. Kormos and M. Kos and C. Kraus and C.~B. Krauss and A Kruger and T. Kutter and C.~C.~M. Kyba and R. Lange and J. Law and I.~T. Lawson and K.~T. Lesko and J.~R. Leslie and J.~C. Loach and R. MacLellan and S. Majerus and H.~B. Mak and J. Maneira and R. Martin and N. McCauley and A.~B. McDonald and S.~R. McGee and M.~L. Miller and B. Monreal and J. Monroe and B.~G. Nickel and A.~J. Noble and H.~M. O'Keeffe and N.~S. Oblath and R.~W. Ollerhead and G.~D. Orebi Gann and S.~M. Oser and R.~A. Ott and S.~J.~M. Peeters and A.~W.~P. Poon and G. Prior and S.~D. Reitzner and K. Rielage and B.~C. Robertson and R.~G.~H. Robertson and R.~C. Rosten and M.~H. Schwendener and J.~A. Secrest and S.~R. Seibert and O. Simard and J.~J. Simpson and P. Skensved and T.~J. Sonley and L.~C. Stonehill and G. Te{\v{s}}i{\'{c}} and N. Tolich and T. Tsui and R. Van Berg and B.~A. VanDevender and C.~J. Virtue and H. Wan Chan Tseung and D.~L. Wark and P.~J.~S. Watson and J. Wendland and N. West and J.~F. Wilkerson and J.~R. Wilson and J.~M. Wouters and A. Wright and M. Yeh and F. Zhang and K. Zuber},
  title     = {Combined analysis of all three phases of solar neutrino data from the Sudbury Neutrino Observatory},
  journal   = {Physical Review C},
  year      = {2013},
  volume    = {88},
  number    = {2},
  month     = {aug},
  doi       = {10.1103/physrevc.88.025501},
  file      = {:Aharmim2013 - Combined Analysis of All Three Phases of Solar Neutrino Data from the Sudbury Neutrino Observatory.pdf:PDF},
  groups    = {theory},
  publisher = {American Physical Society ({APS})},
}

@Article{Aharmim2007,
  author    = {B. Aharmim and Q. R. Ahmad and S. N. Ahmed and R. C. Allen and T. C. Andersen and J. D. Anglin and G. Bühler and J. C. Barton and E. W. Beier and M. Bercovitch and M. Bergevin and J. Bigu and S. D. Biller and R. A. Black and I. Blevis and R. J. Boardman and J. Boger and E. Bonvin and M. G. Boulay and M. G. Bowler and T. J. Bowles and S. J. Brice and M. C. Browne and T. V. Bullard and T. H. Burritt and J. Cameron and Y. D. Chan and H. H. Chen and M. Chen and X. Chen and B. T. Cleveland and J. H. M. Cowan and D. F. Cowen and G. A. Cox and C. A. Currat and X. Dai and F. Dalnoki-Veress and W. F. Davidson and H. Deng and M. DiMarco and P. J. Doe and G. Doucas and M. R. Dragowsky and C. A. Duba and F. A. Duncan and M. Dunford and J. A. Dunmore and E. D. Earle and S. R. Elliott and H. C. Evans and G. T. Ewan and J. Farine and H. Fergani and A. P. Ferraris and F. Fleurot and R. J. Ford and J. A. Formaggio and M. M. Fowler and K. Frame and E. D. Frank and W. Frati and N. Gagnon and J. V. Germani and S. Gil and A. Goldschmidt and J. T. M. Goon and K. Graham and D. R. Grant and E. Guillian and R. L. Hahn and A. L. Hallin and E. D. Hallman and A. S. Hamer and A. A. Hamian and W. B. Handler and R. U. Haq and C. K. Hargrove and P. J. Harvey and R. Hazama and K. M. Heeger and W. J. Heintzelman and J. Heise and R. L. Helmer and R. Henning and J. D. Hepburn and H. Heron and J. Hewett and A. Hime and C. Howard and M. A. Howe and M. Huang and J. G. Hykaway and M. C. P. Isaac and P. Jagam and B. Jamieson and N. A. Jelley and C. Jillings and G. Jonkmans and K. Kazkaz and P. T. Keener and K. Kirch and J. R. Klein and A. B. Knox and R. J. Komar and L. L. Kormos and M. Kos and R. Kouzes and A. Krüger and C. Kraus and C. B. Krauss and T. Kutter and C. C. M. Kyba and H. Labranche and R. Lange and J. Law and I. T. Lawson and M. Lay and H. W. Lee and K. T. Lesko and J. R. Leslie and I. Levine and J. C. Loach and W. Locke and S. Luoma and J. Lyon and R. MacLellan and S. Majerus and H. B. Mak and J. Maneira and A. D. Marino and R. Martin and N. McCauley and A. B. McDonald and D. S. McDonald and K. McFarlane and S. McGee and G. McGregor and R. Meijer Drees and H. Mes and C. Mifflin and K. K. S. Miknaitis and M. L. Miller and G. Milton and B. A. Moffat and B. Monreal and M. Moorhead and B. Morrissette and C. W. Nally and M. S. Neubauer and F. M. Newcomer and H. S. Ng and B. G. Nickel and A. J. Noble and E. B. Norman and V. M. Novikov and N. S. Oblath and C. E. Okada and H. M. O{\textquotesingle}Keeffe and R. W. Ollerhead and M. Omori and J. L. Orrell and S. M. Oser and R. Ott and S. J. M. Peeters and A. W. P. Poon and G. Prior and S. D. Reitzner and K. Rielage and A. Roberge and B. C. Robertson and R. G. H. Robertson and S. S. E. Rosendahl and J. K. Rowley and V. L. Rusu and E. Saettler and A. Schülke and M. H. Schwendener and J. A. Secrest and H. Seifert and M. Shatkay and J. J. Simpson and C. J. Sims and D. Sinclair and P. Skensved and A. R. Smith and M. W. E. Smith and N. Starinsky and T. D. Steiger and R. G. Stokstad and L. C. Stonehill and R. S. Storey and B. Sur and R. Tafirout and N. Tagg and Y. Takeuchi and N. W. Tanner and R. K. Taplin and M. Thorman and P. M. Thornewell and N. Tolich and P. T. Trent and Y. I. Tserkovnyak and T. Tsui and C. D. Tunnell and R. Van Berg and R. G. Van de Water and C. J. Virtue and T. J. Walker and B. L. Wall and C. E. Waltham and H. Wan Chan Tseung and J.-X. Wang and D. L. Wark and J. Wendland and N. West and J. B. Wilhelmy and J. F. Wilkerson and J. R. Wilson and P. Wittich and J. M. Wouters and A. Wright and M. Yeh and K. Zuber},
  title     = {{Determination of the nue and total 8B solar neutrino fluxes using the Sudbury Neutrino Observatory Phase I data set}},
  journal   = {Physical Review C},
  year      = {2007},
  volume    = {75},
  number    = {4},
  month     = {apr},
  doi       = {10.1103/physrevc.75.045502},
  file      = {:Aharmim2007 - Determination of The e and TotalB8solar Neutrino Fluxes Using the Sudbury Neutrino Observatory Phase I Data Set.pdf:PDF},
  groups    = {theory},
  publisher = {American Physical Society ({APS})},
}

@Article{Kajita1998,
  author       = {Takaaki Kajita and for the Super-Kamiokande and Kamiokande collaborations},
  title        = {Atmospheric neutrino results from Super-Kamiokande and Kamiokande - Evidence for numu oscillations -},
  date         = {1998-10-01},
  doi          = {10.1016/S0920-5632(99)00407-7},
  eprint       = {http://arxiv.org/abs/hep-ex/9810001v1},
  eprintclass  = {hep-ex},
  eprinttype   = {arXiv},
  file         = {:Kajita1998 - Atmospheric Neutrino Results from Super Kamiokande and Kamiokande Evidence for Numu Oscillations.pdf:PDF},
  groups       = {theory},
  journaltitle = {Nucl.Phys.Proc.Suppl.77:123-132,1999},
  keywords     = {hep-ex},
}

@Article{Fukuda1998,
  author    = {Y. Fukuda and T. Hayakawa and E. Ichihara and K. Inoue and K. Ishihara and H. Ishino and Y. Itow and T. Kajita and J. Kameda and S. Kasuga and K. Kobayashi and Y. Kobayashi and Y. Koshio and M. Miura and M. Nakahata and S. Nakayama and A. Okada and K. Okumura and N. Sakurai and M. Shiozawa and Y. Suzuki and Y. Takeuchi and Y. Totsuka and S. Yamada and M. Earl and A. Habig and E. Kearns and M. D. Messier and K. Scholberg and J. L. Stone and L. R. Sulak and C. W. Walter and M. Goldhaber and T. Barszczxak and D. Casper and W. Gajewski and P. G. Halverson and J. Hsu and W. R. Kropp and L. R. Price and F. Reines and M. Smy and H. W. Sobel and M. R. Vagins and K. S. Ganezer and W. E. Keig and R. W. Ellsworth and S. Tasaka and J. W. Flanagan and A. Kibayashi and J. G. Learned and S. Matsuno and V. J. Stenger and D. Takemori and T. Ishii and J. Kanzaki and T. Kobayashi and S. Mine and K. Nakamura and K. Nishikawa and Y. Oyama and A. Sakai and M. Sakuda and O. Sasaki and S. Echigo and M. Kohama and A. T. Suzuki and T. J. Haines and E. Blaufuss and B. K. Kim and R. Sanford and R. Svoboda and M. L. Chen and Z. Conner and J. A. Goodman and G. W. Sullivan and J. Hill and C. K. Jung and K. Martens and C. Mauger and C. McGrew and E. Sharkey and B. Viren and C. Yanagisawa and W. Doki and K. Miyano and H. Okazawa and C. Saji and M. Takahata and Y. Nagashima and M. Takita and T. Yamaguchi and M. Yoshida and S. B. Kim and M. Etoh and K. Fujita and A. Hasegawa and T. Hasegawa and S. Hatakeyama and T. Iwamoto and M. Koga and T. Maruyama and H. Ogawa and J. Shirai and A. Suzuki and F. Tsushima and M. Koshiba and M. Nemoto and K. Nishijima and T. Futagami and Y. Hayato and Y. Kanaya and K. Kaneyuki and Y. Watanabe and D. Kielczewska and R. A. Doyle and J. S. George and A. L. Stachyra and L. L. Wai and R. J. Wilkes and K. K. Young},
  title     = {Evidence for Oscillation of Atmospheric Neutrinos},
  journal   = {Physical Review Letters},
  year      = {1998},
  volume    = {81},
  number    = {8},
  pages     = {1562--1567},
  month     = {aug},
  doi       = {10.1103/physrevlett.81.1562},
  file      = {:Fukuda1998 - Evidence for Oscillation of Atmospheric Neutrinos.pdf:PDF},
  publisher = {American Physical Society ({APS})},
}

@Article{Valle2006,
  author       = {J. W. F. Valle},
  title        = {Neutrino physics overview},
  date         = {2006-08-09},
  doi          = {10.1088/1742-6596/53/1/031},
  eprint       = {http://arxiv.org/abs/hep-ph/0608101v1},
  eprintclass  = {hep-ph},
  eprinttype   = {arXiv},
  file         = {:Valle2006 - Neutrino Physics Overview.pdf:PDF},
  groups       = {theory},
  journaltitle = {J.Phys.Conf.Ser.53:473-505,2006},
  keywords     = {hep-ph},
}

@Article{Petcov2013,
  author    = {S. T. Petcov},
  title     = {The Nature of Massive Neutrinos},
  journal   = {Advances in High Energy Physics},
  year      = {2013},
  volume    = {2013},
  pages     = {1--20},
  doi       = {10.1155/2013/852987},
  file      = {:Petcov2013 - The Nature of Massive Neutrinos.pdf:PDF},
  groups    = {theory},
  publisher = {Hindawi Limited},
}

@Article{Jarlskog1985,
  author    = {C. Jarlskog},
  title     = {A basis independent formulation of the connection between quark mass matrices, {CP} violation and experiment},
  journal   = {Zeitschrift für Physik C Particles and Fields},
  year      = {1985},
  volume    = {29},
  number    = {3},
  pages     = {491--497},
  month     = {sep},
  doi       = {10.1007/bf01565198},
  file      = {:Jarlskog1985 - A Basis Independent Formulation of the Connection between Quark Mass Matrices, CP Violation and Experiment.pdf:PDF},
  groups    = {DUNE},
  publisher = {Springer Nature},
}

@Article{Abe2018,
  author    = {K. Abe et. al.},
  title     = {Search for CP Violation in Neutrino and Antineutrino Oscillations by the T2K Experiment with 2.2x1021 Protons on Target},
  journal   = {Physical Review Letters},
  year      = {2018},
  volume    = {121},
  number    = {17},
  month     = {oct},
  doi       = {10.1103/physrevlett.121.171802},
  file      = {:Abe2018 - Search for CP Violation in Neutrino and Antineutrino Oscillations by the T2K Experiment with 2.2x1021 Protons on Target.pdf:PDF},
  groups    = {DUNE},
  publisher = {American Physical Society (APS)},
}

@Article{Collaboration2006,
  author       = {UTfit Collaboration and M. Bona and M. Ciuchini and E. Franco and V. Lubicz and G. Martinelli and F. Parodi and M. Pierini and P. Roudeau and C. Schiavi and L. Silvestrini and A. Stocchi and V. Vagnoni},
  title        = {The Unitarity Triangle Fit in the Standard Model and Hadronic Parameters from Lattice QCD: A Reappraisal after the Measurements of Delta ms and BR(B to tau nu)},
  date         = {2006-06-15},
  doi          = {10.1088/1126-6708/2006/10/081},
  eprint       = {http://arxiv.org/abs/hep-ph/0606167v2},
  eprintclass  = {hep-ph},
  eprinttype   = {arXiv},
  file         = {:Collaboration2006 - The Unitarity Triangle Fit in the Standard Model and Hadronic Parameters from Lattice QCD a Reappraisal After the Measurements of Delta Ms and BR(B to Tau Nu).pdf:PDF},
  groups       = {theory},
  journaltitle = {JHEP 0610:081,2006},
  keywords     = {hep-ph},
}

@Article{Sakharov1991,
  author    = {Andrei D Sakharov},
  title     = {Violation {ofCPin} variance,Casymmetry, and baryon asymmetry of the universe},
  journal   = {Soviet Physics Uspekhi},
  year      = {1991},
  volume    = {34},
  number    = {5},
  pages     = {392--393},
  month     = {may},
  doi       = {10.1070/pu1991v034n05abeh002497},
  file      = {:Sakharov1991 - Violation OfCPin Variance,Casymmetry, and Baryon Asymmetry of the Universe.pdf:PDF},
  groups    = {theory},
  publisher = {{IOP} Publishing},
}

@Article{Kobayashi1973,
  author    = {Makoto Kobayashi and Toshihide Maskawa},
  title     = {{CP}-Violation in the Renormalizable Theory of Weak Interaction},
  journal   = {Progress of Theoretical Physics},
  year      = {1973},
  volume    = {49},
  number    = {2},
  pages     = {652--657},
  month     = {feb},
  doi       = {10.1143/ptp.49.652},
  file      = {:Kobayashi1973 - CP Violation in the Renormalizable Theory of Weak Interaction.pdf:PDF},
  groups    = {theory},
  publisher = {Oxford University Press ({OUP})},
}

@Article{Charles2004,
  author       = {J. Charles and A. Hocker and H. Lacker and S. Laplace and F. R. Le Diberder and J. Malcles and J. Ocariz and M. Pivk and L. Roos},
  title        = {CP Violation and the CKM Matrix: Assessing the Impact of the Asymmetric B Factories},
  date         = {2004-06-17},
  doi          = {10.1140/epjc/s2005-02169-1},
  eprint       = {http://arxiv.org/abs/hep-ph/0406184v3},
  eprintclass  = {hep-ph},
  eprinttype   = {arXiv},
  file         = {:Charles2004 - CP Violation and the CKM Matrix Assessing the Impact of the Asymmetric B Factories.pdf:PDF},
  groups       = {theory},
  journaltitle = {Eur.Phys.J.C41:1-131,2005},
  keywords     = {hep-ph, hep-ex, hep-lat},
}

@Article{Riotto1998,
  author      = {Antonio Riotto},
  title       = {Theories of Baryogenesis},
  date        = {1998-07-22},
  eprint      = {http://arxiv.org/abs/hep-ph/9807454v2},
  eprintclass = {hep-ph},
  eprinttype  = {arXiv},
  file        = {:Riotto1998 - Theories of Baryogenesis.pdf:PDF},
  groups      = {theory},
  keywords    = {hep-ph, astro-ph, hep-th},
}

@Article{Davidson2008,
  author       = {Sacha Davidson and Enrico Nardi and Yosef Nir},
  title        = {Leptogenesis},
  date         = {2008-02-20},
  doi          = {10.1016/j.physrep.2008.06.002},
  eprint       = {http://arxiv.org/abs/0802.2962v3},
  eprintclass  = {hep-ph},
  eprinttype   = {arXiv},
  file         = {:Davidson2008 - Leptogenesis.pdf:PDF},
  groups       = {theory},
  journaltitle = {Phys.Rept.466:105-177,2008},
  keywords     = {hep-ph},
}

@PhdThesis{Mention2005,
  author = {G. Mention},
  title  = {{Étude de sensibilités et bruits de fond de l'expérience Double Chooz pour la recherche du paramètre de mélange theta13}},
  school = {École doctorale de physique et d'astrophysique de Lyon},
  year   = {2006},
  file   = {:Mention2005 - Étude De Sensibilités Et Bruits De Fond De L'expérience Double Chooz Pour La Recherche Du Paramètre De Mélange Theta13.pdf:PDF},
  groups = {theory},
}

@Article{Hagiwara2004,
  author      = {Kaoru Hagiwara},
  title       = {Physics prospects of future neutrino oscillation experiments in Asia},
  date        = {2004-10-15},
  doi         = {10.1016/j.nuclphysbps.2004.10.054},
  eprint      = {http://arxiv.org/abs/hep-ph/0410229v1},
  eprintclass = {hep-ph},
  eprinttype  = {arXiv},
  file        = {:Hagiwara2004 - Physics Prospects of Future Neutrino Oscillation Experiments in Asia.pdf:PDF},
  groups      = {theory},
  keywords    = {hep-ph},
}

@Article{Harari1986,
  author    = {Haim Harari and Miriam Leurer},
  title     = {Recommending a standard choice of Cabibbo angles and {KM} phases for any number of generations},
  journal   = {Physics Letters B},
  year      = {1986},
  volume    = {181},
  number    = {1-2},
  pages     = {123--128},
  month     = {nov},
  doi       = {10.1016/0370-2693(86)91268-2},
  file      = {:Harari1986 - Recommending a Standard Choice of Cabibbo Angles and KM Phases for Any Number of Generations.pdf:PDF},
  groups    = {theory},
  publisher = {Elsevier {BV}},
}

@Article{Qian2015,
  author    = {X. Qian and P. Vogel},
  title     = {Neutrino mass hierarchy},
  journal   = {Progress in Particle and Nuclear Physics},
  year      = {2015},
  volume    = {83},
  pages     = {1--30},
  month     = {jul},
  doi       = {10.1016/j.ppnp.2015.05.002},
  file      = {:Qian2015 - Neutrino Mass Hierarchy.pdf:PDF},
  groups    = {theory},
  publisher = {Elsevier {BV}},
}

@Article{Collaboration2011,
  author       = {The MINOS Collaboration and P. Adamson and C. Andreopoulos and R. Armstrong and D. J. Auty and D. S. Ayres and C. Backhouse and G. Barr and M. Bishai and A. Blake and G. J. Bock and D. J. Boehnlein and D. Bogert and S. Cavanaugh and D. Cherdack and S. Childress and B. C. Choudhary and J. A. B. Coelho and S. J. Coleman and L. Corwin and D. Cronin-Hennessy and I. Z. Danko and J. K. de Jong and N. E. Devenish and M. V. Diwan and M. Dorman and C. O. Escobar and J. J. Evans and E. Falk and G. J. Feldman and M. V. Frohne and H. R. Gallagher and R. A. Gomes and M. C. Goodman and P. Gouffon and N. Graf and R. Gran and N. Grant and K. Grzelak and A. Habig and D. Harris and J. Hartnell and R. Hatcher and A. Himmel and A. Holin and X. Huang and J. Hylen and J. Ilic and G. M. Irwin and Z. Isvan and D. E. Jaffe and C. James and D. Jensen and T. Kafka and S. M. S. Kasahara and G. Koizumi and S. Kopp and M. Kordosky and A. Kreymer and K. Lang and G. Lefeuvre and J. Ling and P. J. Litchfield and R. P. Litchfield and L. Loiacono and P. Lucas and W. A. Mann and M. L. Marshak and N. Mayer and A. M. McGowan and R. Mehdiyev and J. R. Meier and M. D. Messier and D. G. Michael and W. H. Miller and S. R. Mishra and J. Mitchell and C. D. Moore and J. Morfín and L. Mualem and S. Mufson and J. Musser and D. Naples and J. K. Nelson and H. B. Newman and R. J. Nichol and J. A. Nowak and W. P. Oliver and M. Orchanian and R. Ospanov and J. Paley and R. B. Patterson and G. Pawloski and G. F. Pearce and D. A. Petyt and S. Phan-Budd and R. K. Plunkett and X. Qiu and J. Ratchford and T. M. Raufer and B. Rebel and P. A. Rodrigues and C. Rosenfeld and H. A. Rubin and M. C. Sanchez and J. Schneps and P. Schreiner and P. Shanahan and C. Smith and A. Sousa and P. Stamoulis and M. Strait and N. Tagg and R. L. Talaga and J. Thomas and M. A. Thomson and G. Tinti and R. Toner and G. Tzanakos and J. Urheim and P. Vahle and B. Viren and A. Weber and R. C. Webb and C. White and L. Whitehead and S. G. Wojcicki and T. Yang and R. Zwaska},
  title        = {Measurement of the neutrino mass splitting and flavor mixing by MINOS},
  date         = {2011-03-02},
  doi          = {10.1103/PhysRevLett.106.181801},
  eprint       = {http://arxiv.org/abs/1103.0340v1},
  eprintclass  = {hep-ex},
  eprinttype   = {arXiv},
  file         = {:Collaboration2011 - Measurement of the Neutrino Mass Splitting and Flavor Mixing by MINOS.pdf:PDF},
  groups       = {theory},
  journaltitle = {Phys.Rev.Lett.106:181801,2011},
  keywords     = {hep-ex},
}

@Article{Aharmim2005,
  author    = {B. Aharmim and S. N. Ahmed and A. E. Anthony and E. W. Beier and A. Bellerive and M. Bergevin and S. D. Biller and J. Boger and M. G. Boulay and M. G. Bowler and T. V. Bullard and Y. D. Chan and M. Chen and X. Chen and B. T. Cleveland and G. A. Cox and C. A. Currat and X. Dai and F. Dalnoki-Veress and H. Deng and P. J. Doe and R. S. Dosanjh and G. Doucas and C. A. Duba and F. A. Duncan and M. Dunford and J. A. Dunmore and E. D. Earle and S. R. Elliott and H. C. Evans and G. T. Ewan and J. Farine and H. Fergani and F. Fleurot and J. A. Formaggio and K. Frame and W. Frati and B. G. Fulsom and N. Gagnon and K. Graham and D. R. Grant and R. L. Hahn and J. C. Hall and A. L. Hallin and E. D. Hallman and W. B. Handler and C. K. Hargrove and P. J. Harvey and R. Hazama and K. M. Heeger and L. Heelan and W. J. Heintzelman and J. Heise and R. L. Helmer and R. J. Hemingway and A. Hime and C. Howard and M. A. Howe and M. Huang and P. Jagam and N. A. Jelley and J. R. Klein and L. L. Kormos and M. S. Kos and A. Krüger and C. Kraus and C. B. Krauss and A. V. Krumins and T. Kutter and C. C. M. Kyba and H. Labranche and R. Lange and J. Law and I. T. Lawson and K. T. Lesko and J. R. Leslie and I. Levine and J. C. Loach and S. Luoma and R. MacLellan and S. Majerus and H. B. Mak and J. Maneira and A. D. Marino and N. McCauley and A. B. McDonald and S. McGee and G. McGregor and C. Mifflin and K. K. S. Miknaitis and B. A. Moffat and C. W. Nally and M. S. Neubauer and B. G. Nickel and A. J. Noble and E. B. Norman and N. S. Oblath and C. E. Okada and R. W. Ollerhead and J. L. Orrell and S. M. Oser and C. Ouellet and S. J. M. Peeters and A. W. P. Poon and K. Rielage and B. C. Robertson and R. G. H. Robertson and E. Rollin and S. S. E. Rosendahl and V. L. Rusu and M. H. Schwendener and S. R. Seibert and O. Simard and J. J. Simpson and C. J. Sims and D. Sinclair and P. Skensved and M. W. E. Smith and N. Starinsky and R. G. Stokstad and L. C. Stonehill and R. Tafirout and Y. Takeuchi and G. Te{\v{s}}i{\'{c}} and M. Thomson and M. Thorman and T. Tsui and R. Van Berg and R. G. Van de Water and C. J. Virtue and B. L. Wall and D. Waller and C. E. Waltham and H. Wan Chan Tseung and D. L. Wark and J. Wendland and N. West and J. F. Wilkerson and J. R. Wilson and P. Wittich and J. M. Wouters and A. Wright and M. Yeh and K. Zuber},
  title     = {Electron energy spectra, fluxes, and day-night asymmetries of8B solar neutrinos from measurements with {NaCl} dissolved in the heavy-water detector at the Sudbury Neutrino Observatory},
  journal   = {Physical Review C},
  year      = {2005},
  volume    = {72},
  number    = {5},
  month     = {nov},
  doi       = {10.1103/physrevc.72.055502},
  file      = {:Aharmim2005 - Electron Energy Spectra, Fluxes, and Day Night Asymmetries Of8B Solar Neutrinos from Measurements with NaCl Dissolved in the Heavy Water Detector at the Sudbury Neutrino Observatory.pdf:PDF},
  groups    = {theory},
  publisher = {American Physical Society ({APS})},
}

@Article{Fogli2002,
  author       = {G. L. Fogli and E. Lisi and A. Marrone and D. Montanino and A. Palazzo},
  title        = {Getting the most from the statistical analysis of solar neutrino oscillations},
  date         = {2002-06-18},
  doi          = {10.1103/PhysRevD.66.053010},
  eprint       = {http://arxiv.org/abs/hep-ph/0206162v1},
  eprintclass  = {hep-ph},
  eprinttype   = {arXiv},
  file         = {:Fogli2002 - Getting the Most from the Statistical Analysis of Solar Neutrino Oscillations.pdf:PDF},
  groups       = {theory},
  journaltitle = {Phys.Rev.D66:053010,2002},
  keywords     = {hep-ph},
}

@Article{Gonzalez-Garcia2012,
  author       = {M. C. Gonzalez-Garcia and Michele Maltoni and Jordi Salvado and Thomas Schwetz},
  title        = {Global fit to three neutrino mixing: critical look at present precision},
  date         = {2012-09-13},
  doi          = {10.1007/JHEP12(2012)123},
  eprint       = {http://arxiv.org/abs/1209.3023v3},
  eprintclass  = {hep-ph},
  eprinttype   = {arXiv},
  file         = {:Gonzalez-Garcia2012 - Global Fit to Three Neutrino Mixing Critical Look at Present Precision.pdf:PDF},
  groups       = {theory},
  journaltitle = {JHEP 1212:123, 2012},
  keywords     = {hep-ph, hep-ex},
}

@Article{Akhmedov2000,
  author      = {E. Kh. Akhmedov},
  title       = {Neutrino physics},
  date        = {2000-01-25},
  eprint      = {http://arxiv.org/abs/hep-ph/0001264v2},
  eprintclass = {hep-ph},
  eprinttype  = {arXiv},
  file        = {:Akhmedov2000 - Neutrino Physics.pdf:PDF},
  groups      = {theory},
  keywords    = {hep-ph, astro-ph, hep-ex},
}

@Article{Haxton2013,
  author    = {W.C. Haxton and R.G. Hamish Robertson and Aldo M. Serenelli},
  title     = {Solar Neutrinos: Status and Prospects},
  journal   = {Annual Review of Astronomy and Astrophysics},
  year      = {2013},
  volume    = {51},
  number    = {1},
  pages     = {21--61},
  month     = {aug},
  doi       = {10.1146/annurev-astro-081811-125539},
  file      = {:Haxton2013 - Solar Neutrinos Status and Prospects.pdf:PDF},
  groups    = {theory},
  publisher = {Annual Reviews},
}

@Article{Gonzalez-Garcia2007,
  author       = {M. C. Gonzalez-Garcia and Michele Maltoni},
  title        = {Phenomenology with Massive Neutrinos},
  date         = {2007-04-13},
  doi          = {10.1016/j.physrep.2007.12.004},
  eprint       = {http://arxiv.org/abs/0704.1800v2},
  eprintclass  = {hep-ph},
  eprinttype   = {arXiv},
  file         = {:Gonzalez-Garcia2007 - Phenomenology with Massive Neutrinos.pdf:PDF},
  groups       = {theory},
  journaltitle = {Phys.Rept.460:1-129,2008},
  keywords     = {hep-ph, astro-ph, hep-ex},
}

@Article{Freund2001,
  author       = {Martin Freund},
  title        = {Analytic Approximations for Three Neutrino Oscillation Parameters and Probabilities in Matter},
  date         = {2001-03-28},
  doi          = {10.1103/PhysRevD.64.053003},
  eprint       = {http://arxiv.org/abs/hep-ph/0103300v1},
  eprintclass  = {hep-ph},
  eprinttype   = {arXiv},
  file         = {:Freund2001 - Analytic Approximations for Three Neutrino Oscillation Parameters and Probabilities in Matter.pdf:PDF},
  groups       = {theory},
  journaltitle = {Phys.Rev.D64:053003,2001},
  keywords     = {hep-ph},
}

@Article{Cervera2000,
  author       = {A. Cervera and A. Donini and M. B. Gavela and J. J. Gomez Cadenas and P. Hernandez and O. Mena and S. Rigolin},
  title        = {Golden measurements at a neutrino factory},
  date         = {2000-02-10},
  doi          = {10.1016/S0550-3213(00)00221-2},
  eprint       = {http://arxiv.org/abs/hep-ph/0002108v3},
  eprintclass  = {hep-ph},
  eprinttype   = {arXiv},
  file         = {:Cervera2000 - Golden Measurements at a Neutrino Factory.pdf:PDF},
  groups       = {theory},
  journaltitle = {Nucl.Phys. B579 (2000) 17-55; Erratum-ibid. B593 (2001) 731-732},
  keywords     = {hep-ph, hep-ex},
}

@Comment{jabref-meta: databaseType:bibtex;}

@Comment{jabref-meta: grouping:
0 AllEntriesGroup:;
1 StaticGroup:Argon\;0\;1\;0x0000ffff\;\;\;;
1 StaticGroup:DUNE\;0\;1\;\;\;\;;
1 StaticGroup:exp_requirement\;0\;1\;\;\;\;;
1 StaticGroup:theory\;0\;1\;\;\;\;;
1 StaticGroup:TPCs\;0\;1\;\;\;\;;
1 StaticGroup:WA105\;0\;1\;\;\;\;;
1 StaticGroup:Hough transform\;0\;1\;\;\;\;;
1 StaticGroup:DLArTPC\;0\;1\;\;\;\;;
1 StaticGroup:CRP\;0\;1\;\;\;\;;
1 StaticGroup:LEM\;0\;1\;\;\;\;;
1 StaticGroup:Software\;0\;1\;\;\;\;;
1 StaticGroup:beam\;0\;1\;\;\;\;;
}

% This file was created with JabRef 2.10.
% Encoding: UTF-8
